		%% REFERENCES TO LCDM PARAMETERS KP-Y1 DES PAPER
%% INSPIRE or ADS format? How about the former since we are DOE-funded :)

%%% DES standard references
@ARTICLE{2011arXiv1104.2932L,
   author = {{Lesgourgues}, J.},
    title = "{The Cosmic Linear Anisotropy Solving System (CLASS) I: Overview}",
  journal = {ArXiv e-prints},
archivePrefix = "arXiv",
   eprint = {1104.2932},
 primaryClass = "astro-ph.IM",
 keywords = {Astrophysics - Instrumentation and Methods for Astrophysics, Astrophysics - Cosmology and Extragalactic Astrophysics},
     year = 2011,
    month = apr,
   adsurl = {http://adsabs.harvard.edu/abs/2011arXiv1104.2932L},
  adsnote = {Provided by the SAO/NASA Astrophysics Data System}
}
@article{Dodelson:2003tr,
      author         = "Dodelson, Scott",
      title          = "{Cluster masses accounting for structure along the line
                        of sight}",
      journal        = "Phys. Rev.",
      volume         = "D70",
      year           = "2004",
      pages          = "023008",
      doi            = "10.1103/PhysRevD.70.023008",
      eprint         = "astro-ph/0309277",
      archivePrefix  = "arXiv",
      primaryClass   = "astro-ph",
      reportNumber   = "FERMILAB-PUB-03-449-A",
      SLACcitation   = "%%CITATION = ASTRO-PH/0309277;%%"
}
@article{Rozo:2004xh,
      author         = "Rozo, Eduardo and Dodelson, Scott and Frieman, Joshua A.",
      title          = "{Halo model analysis of cluster statistics}",
      journal        = "Phys. Rev.",
      volume         = "D70",
      year           = "2004",
      pages          = "083008",
      doi            = "10.1103/PhysRevD.70.083008",
      eprint         = "astro-ph/0401578",
      archivePrefix  = "arXiv",
      primaryClass   = "astro-ph",
      reportNumber   = "FERMILAB-PUB-04-185-A",
      SLACcitation   = "%%CITATION = ASTRO-PH/0401578;%%"
}
@article{Dodelson:2004as,
      author         = "Dodelson, Scott",
      title          = "{CMB - cluster lensing}",
      journal        = "Phys. Rev.",
      volume         = "D70",
      year           = "2004",
      pages          = "023009",
      doi            = "10.1103/PhysRevD.70.023009",
      eprint         = "astro-ph/0402314",
      archivePrefix  = "arXiv",
      primaryClass   = "astro-ph",
      reportNumber   = "FERMILAB-PUB-04-178-A",
      SLACcitation   = "%%CITATION = ASTRO-PH/0402314;%%"
}
@article{Dodelson:2007zz,
      author         = "Dodelson, Scott and Vale, Chris",
      title          = "{Gravitational lensing, the cosmic microwave background
                        and cluster masses}",
      booktitle      = "{Quantum theories and renormalization group in gravity
                        and cosmology: Proceedings, 2nd International Conference,
                        IRGAC 2006, Barcelona, Spain, July 11-15, 2006}",
      journal        = "J. Phys.",
      volume         = "A40",
      year           = "2007",
      pages          = "6621-6629",
      doi            = "10.1088/1751-8113/40/25/S06",
      reportNumber   = "FERMILAB-PUB-07-479-A",
      SLACcitation   = "%%CITATION = JPAGA,A40,6621;%%"
}
@article{Simet:2011bb,
      author         = "Simet, Melanie and Kubo, Jeffrey M. and Dodelson, Scott
                        and Annis, James T. and Hao, Jiangang and Johnston, David
                        and Lin, Huan and Reis, Ribamar R. R. and Soares-Santos,
                        Marcelle and Seo, Hee-Jong",
      title          = "{The SDSS Coadd: Cross-Correlation Weak Lensing and
                        Tomography of Galaxy Clusters}",
      journal        = "Astrophys. J.",
      volume         = "748",
      year           = "2012",
      pages          = "128",
      doi            = "10.1088/0004-637X/748/2/128",
      eprint         = "1111.6621",
      archivePrefix  = "arXiv",
      primaryClass   = "astro-ph.CO",
      reportNumber   = "FERMILAB-PUB-11-629-A-AE-CD-PPD",
      SLACcitation   = "%%CITATION = ARXIV:1111.6621;%%"
}
@book{dodelson2017gravitational,
  title={Gravitational Lensing},
  author={Dodelson, S.},
  isbn={9781107129764},
  url={https://books.google.com/books?id=WE3ODgAAQBAJ},
  year={2017},
  publisher={Cambridge University Press}
}
@article{Jennings:2016ibb,
      author         = "Jennings, Elise and Wolf, Rachel and Sako, Masao",
      title          = "{A New Approach for Obtaining Cosmological Constraints
                        from Type Ia Supernovae using Approximate Bayesian
                        Computation}",
      year           = "2016",
      eprint         = "1611.03087",
      archivePrefix  = "arXiv",
      primaryClass   = "astro-ph.CO",
      reportNumber   = "FERMILAB-PUB-16-524-A",
      SLACcitation   = "%%CITATION = ARXIV:1611.03087;%%"
}
@article{Cameron:2012st,
      author         = "Cameron, E. and Pettitt, A. N.",
      title          = "{Approximate Bayesian Computation for Astronomical Model
                        Analysis: A Case Study in Galaxy Demographics and
                        Morphological Transformation at High Redshift}",
      journal        = "Mon. Not. Roy. Astron. Soc.",
      volume         = "425",
      year           = "2012",
      pages          = "44",
      doi            = "10.1111/j.1365-2966.2012.21371.x",
      eprint         = "1202.1426",
      archivePrefix  = "arXiv",
      primaryClass   = "astro-ph.IM",
      SLACcitation   = "%%CITATION = ARXIV:1202.1426;%%"
}
@article{Dodelson:2013sma,
      author         = "Dodelson, Scott and Park, Sohyun",
      title          = "{Nonlocal Gravity and Structure in the Universe}",
      journal        = "Phys. Rev.",
      volume         = "D90",
      year           = "2014",
      pages          = "043535",
      doi            = "10.1103/PhysRevD.90.043535",
      eprint         = "1310.4329",
      archivePrefix  = "arXiv",
      primaryClass   = "astro-ph.CO",
      reportNumber   = "FERMILAB-PUB-13-464-A",
      SLACcitation   = "%%CITATION = ARXIV:1310.4329;%%"
}
@article{Park:2012cp,
      author         = "Park, Sohyun and Dodelson, Scott",
      title          = "{Structure formation in a nonlocally modified gravity
                        model}",
      journal        = "Phys. Rev.",
      volume         = "D87",
      year           = "2013",
      number         = "2",
      pages          = "024003",
      doi            = "10.1103/PhysRevD.87.024003",
      eprint         = "1209.0836",
      archivePrefix  = "arXiv",
      primaryClass   = "astro-ph.CO",
      reportNumber   = "FERMILAB-PUB-12-535-A-T",
      SLACcitation   = "%%CITATION = ARXIV:1209.0836;%%"
}

@article{Dodelson:1993je,
      author         = "Dodelson, Scott and Widrow, Lawrence M.",
      title          = "{Sterile-neutrinos as dark matter}",
      journal        = "Phys. Rev. Lett.",
      volume         = "72",
      year           = "1994",
      pages          = "17-20",
      doi            = "10.1103/PhysRevLett.72.17",
      eprint         = "hep-ph/9303287",
      archivePrefix  = "arXiv",
      primaryClass   = "hep-ph",
      reportNumber   = "FERMILAB-PUB-93-057-A",
      SLACcitation   = "%%CITATION = HEP-PH/9303287;%%"
}
@article{Zhang:2007nk,
      author         = "Zhang, Pengjie and Liguori, Michele and Bean, Rachel and
                        Dodelson, Scott",
      title          = "{Probing Gravity at Cosmological Scales by Measurements
                        which Test the Relationship between Gravitational Lensing
                        and Matter Overdensity}",
      journal        = "Phys. Rev. Lett.",
      volume         = "99",
      year           = "2007",
      pages          = "141302",
      doi            = "10.1103/PhysRevLett.99.141302",
      eprint         = "0704.1932",
      archivePrefix  = "arXiv",
      primaryClass   = "astro-ph",
      reportNumber   = "FERMILAB-PUB-07-081-A",
      SLACcitation   = "%%CITATION = ARXIV:0704.1932;%%"
}
@article{Dodelson:2006zt,
      author         = "Dodelson, Scott and Liguori, Michele",
      title          = "{Can Cosmic Structure form without Dark Matter?}",
      journal        = "Phys. Rev. Lett.",
      volume         = "97",
      year           = "2006",
      pages          = "231301",
      doi            = "10.1103/PhysRevLett.97.231301",
      eprint         = "astro-ph/0608602",
      archivePrefix  = "arXiv",
      primaryClass   = "astro-ph",
      reportNumber   = "FERMILAB-PUB-06-312-A",
      SLACcitation   = "%%CITATION = ASTRO-PH/0608602;%%"
}
@article{Dodelson:2001fq,
      author         = "Dodelson, Scott and Kaplinghat, Manoj and Stewart, Ewan",
      title          = "{Solving the coincidence problem : Tracking oscillating
                        energy}",
      journal        = "Phys. Rev. Lett.",
      volume         = "85",
      year           = "2000",
      pages          = "5276-5279",
      doi            = "10.1103/PhysRevLett.85.5276",
      eprint         = "astro-ph/0002360",
      archivePrefix  = "arXiv",
      primaryClass   = "astro-ph",
      reportNumber   = "FERMILAB-PUB-01-279-A, FERMILAB-PUB-00-070-T",
      SLACcitation   = "%%CITATION = ASTRO-PH/0002360;%%"
}
@article{Coble:1996te,
      author         = "Coble, Kimberly and Dodelson, Scott and Frieman, Joshua
                        A.",
      title          = "{Dynamical Lambda models of structure formation}",
      journal        = "Phys. Rev.",
      volume         = "D55",
      year           = "1997",
      pages          = "1851-1859",
      doi            = "10.1103/PhysRevD.55.1851",
      eprint         = "astro-ph/9608122",
      archivePrefix  = "arXiv",
      primaryClass   = "astro-ph",
      reportNumber   = "FERMILAB-PUB-96-222-A",
      SLACcitation   = "%%CITATION = ASTRO-PH/9608122;%%"
}
@article{Abbott:2018wzc,
      author         = "Abbott, T. M. C. and others",
      title          = "{Cosmological Constraints from Multiple Probes in the
                        Dark Energy Survey}",
      collaboration  = "DES",
      journal        = "Phys. Rev. Lett.",
      volume         = "122",
      year           = "2019",
      number         = "17",
      pages          = "171301",
      doi            = "10.1103/PhysRevLett.122.171301",
      eprint         = "1811.02375",
      archivePrefix  = "arXiv",
      primaryClass   = "astro-ph.CO",
      reportNumber   = "FERMILAB-PUB-18-585-AE",
      SLACcitation   = "%%CITATION = ARXIV:1811.02375;%%"
}

@article{Dodelson:1995es,
      author         = "Dodelson, Scott and Gates, Evalyn and Stebbins, Albert",
      title          = "{Cold + hot dark matter and the cosmic microwave
                        background}",
      journal        = "Astrophys. J.",
      volume         = "467",
      year           = "1996",
      pages          = "10-18",
      doi            = "10.1086/177581",
      eprint         = "astro-ph/9509147",
      archivePrefix  = "arXiv",
      primaryClass   = "astro-ph",
      reportNumber   = "FERMILAB-PUB-95-312-A",
      SLACcitation   = "%%CITATION = ASTRO-PH/9509147;%%"
}
@article{Allen:1997ag,
      author         = "Allen, Bruce and Caldwell, R. R. and Dodelson, Scott and
                        Knox, L. and Shellard, E. P. S. and Stebbins, A.",
      title          = "{CMB anisotropy induced by cosmic strings on angular
                        scales > approximately 15-minutes}",
      journal        = "Phys. Rev. Lett.",
      volume         = "79",
      year           = "1997",
      pages          = "2624-2627",
      doi            = "10.1103/PhysRevLett.79.2624",
      eprint         = "astro-ph/9704160",
      archivePrefix  = "arXiv",
      primaryClass   = "astro-ph",
      reportNumber   = "FERMILAB-PUB-97-334-A",
      SLACcitation   = "%%CITATION = ASTRO-PH/9704160;%%"
}
@article{Ahmed:2002mj,
      author         = "Ahmed, Maqbool and Dodelson, Scott and Greene, Patrick B.
                        and Sorkin, Rafael",
      title          = "{Everpresent lambda}",
      journal        = "Phys. Rev.",
      volume         = "D69",
      year           = "2004",
      pages          = "103523",
      doi            = "10.1103/PhysRevD.69.103523",
      eprint         = "astro-ph/0209274",
      archivePrefix  = "arXiv",
      primaryClass   = "astro-ph",
      reportNumber   = "FERMILAB-PUB-02-260-A, FERMILAB-PUB-02-301",
      SLACcitation   = "%%CITATION = ASTRO-PH/0209274;%%"
}
@article{Dodelson:1991iv,
      author         = "Dodelson, Scott and Greene, Brian R. and Widrow, Lawrence
                        M.",
      title          = "{Baryogenesis, dark matter and the width of the Z}",
      journal        = "Nucl. Phys.",
      volume         = "B372",
      year           = "1992",
      pages          = "467-493",
      doi            = "10.1016/0550-3213(92)90328-9",
      reportNumber   = "HUTP-90-A070, CLNS-90-1032",
      SLACcitation   = "%%CITATION = NUPHA,B372,467;%%"
}
@article{Soergel:2016mce,
      author         = "Soergel, B. and others",
      title          = "{Detection of the kinematic Sunyaev–Zel'dovich effect
                        with DES Year 1 and SPT}",
      collaboration  = "DES, SPT",
      journal        = "Mon. Not. Roy. Astron. Soc.",
      volume         = "461",
      year           = "2016",
      number         = "3",
      pages          = "3172-3193",
      doi            = "10.1093/mnras/stw1455",
      eprint         = "1603.03904",
      archivePrefix  = "arXiv",
      primaryClass   = "astro-ph.CO",
      reportNumber   = "DES-2015-0154, FERMILAB-PUB-16-036-AE",
      SLACcitation   = "%%CITATION = ARXIV:1603.03904;%%"
}
@article{Manzotti:2014kta,
      author         = "Manzotti, A. and Dodelson, S.",
      title          = "{Mapping the Integrated Sachs-Wolfe Effect}",
      journal        = "Phys. Rev.",
      volume         = "D90",
      year           = "2014",
      number         = "12",
      pages          = "123009",
      doi            = "10.1103/PhysRevD.90.123009",
      eprint         = "1407.5623",
      archivePrefix  = "arXiv",
      primaryClass   = "astro-ph.CO",
      reportNumber   = "FERMILAB-PUB-14-255-A",
      SLACcitation   = "%%CITATION = ARXIV:1407.5623;%%"
}
@article{Manzotti:2017net,
      author         = "Manzotti, A. and others",
      title          = "{CMB Polarization B-mode Delensing with SPTpol and
                        Herschel}",
      collaboration  = "Herschel, SPT",
      journal        = "Astrophys. J.",
      volume         = "846",
      year           = "2017",
      pages          = "1",
      doi            = "10.3847/1538-4357/aa82bb",
      eprint         = "1701.04396",
      archivePrefix  = "arXiv",
      primaryClass   = "astro-ph.CO",
      reportNumber   = "FERMILAB-PUB-17-039-A-AE-PPD",
      SLACcitation   = "%%CITATION = ARXIV:1701.04396;%%"
}
@article{Baxter:2016ziy,
      author         = "Baxter, E. and others",
      title          = "{Joint measurement of lensing–galaxy correlations using
                        SPT and DES SV data}",
      journal        = "Mon. Not. Roy. Astron. Soc.",
      volume         = "461",
      year           = "2016",
      number         = "4",
      pages          = "4099-4114",
      doi            = "10.1093/mnras/stw1584",
      eprint         = "1602.07384",
      archivePrefix  = "arXiv",
      primaryClass   = "astro-ph.CO",
      reportNumber   = "FERMILAB-PUB-16-070-A",
      SLACcitation   = "%%CITATION = ARXIV:1602.07384;%%"
}
@inproceedings{Feng:2014uja,
      author         = "Feng, J. L. and others",
      title          = "{Planning the Future of U.S. Particle Physics (Snowmass
                        2013): Chapter 4: Cosmic Frontier}",
      booktitle      = "{Proceedings, 2013 Community Summer Study on the Future
                        of U.S. Particle Physics: Snowmass on the Mississippi
                        (CSS2013): Minneapolis, MN, USA, July 29-August 6, 2013}",
      url            = "https://inspirehep.net/record/1278570/files/arXiv:1401.6085.pdf",
      year           = "2014",
      eprint         = "1401.6085",
      archivePrefix  = "arXiv",
      primaryClass   = "hep-ex",
      reportNumber   = "FERMILAB-CONF-14-019-CH04",
      SLACcitation   = "%%CITATION = ARXIV:1401.6085;%%"
}
@article{Polchinski:2016xto,
      author         = "Polchinski, Joseph",
      title          = "{Why trust a theory? Some further remarks (part 1)}",
      year           = "2016",
      eprint         = "1601.06145",
      archivePrefix  = "arXiv",
      primaryClass   = "hep-th",
      SLACcitation   = "%%CITATION = ARXIV:1601.06145;%%"
}
@article{Caldwell:2009ix,
      author         = "Caldwell, Robert R. and Kamionkowski, Marc",
      title          = "{The Physics of Cosmic Acceleration}",
      journal        = "Ann. Rev. Nucl. Part. Sci.",
      volume         = "59",
      year           = "2009",
      pages          = "397-429",
      doi            = "10.1146/annurev-nucl-010709-151330",
      eprint         = "0903.0866",
      archivePrefix  = "arXiv",
      primaryClass   = "astro-ph.CO",
      SLACcitation   = "%%CITATION = ARXIV:0903.0866;%%"
}
@article{srm,
	title = "LSST Science Roadmap v1.1",
	eprint = "http://lsstdesc.org/sites/default/files/DESC\_SRM\_V1\_1.pdf"
}
@article{Dodelson:2013uaa,
      author         = "Dodelson, Scott and Schneider, Michael D.",
      title          = "{The Effect of Covariance Estimator Error on Cosmological
                        Parameter Constraints}",
      journal        = "Phys. Rev.",
      volume         = "D88",
      year           = "2013",
      pages          = "063537",
      doi            = "10.1103/PhysRevD.88.063537",
      eprint         = "1304.2593",
      archivePrefix  = "arXiv",
      primaryClass   = "astro-ph.CO",
      reportNumber   = "FERMILAB-PUB-13-094-A-T, LLNL-JRNL-632261",
      SLACcitation   = "%%CITATION = ARXIV:1304.2593;%%"
}
@article{Abbott:2017wau,
      author         = "Abbott, T. M. C. and others",
      title          = "{Dark Energy Survey year 1 results: Cosmological
                        constraints from galaxy clustering and weak lensing}",
      collaboration  = "DES",
      journal        = "Phys. Rev.",
      volume         = "D98",
      year           = "2018",
      number         = "4",
      pages          = "043526",
      doi            = "10.1103/PhysRevD.98.043526",
      eprint         = "1708.01530",
      archivePrefix  = "arXiv",
      primaryClass   = "astro-ph.CO",
      reportNumber   = "FERMILAB-PUB-17-294-PPD",
      SLACcitation   = "%%CITATION = ARXIV:1708.01530;%%"
}
@book{Dodelson:2003ft,
      author         = "Dodelson, Scott",
      title          = "{Modern Cosmology}",
      publisher      = "Academic Press",
      address        = "Amsterdam",
      year           = "2003",
      url            = "http://www.slac.stanford.edu/spires/find/books/www?cl=QB981:D62:2003",
      journal        = "Amsterdam, Netherlands: Academic Pr. (2003) 440 p",
      ISBN           = "9780122191411",
      SLACcitation   = "%%CITATION = INSPIRE-640063;%%"
}
@article{Elvin-Poole:2017xsf,
      author         = "Elvin-Poole, J. and others",
      title          = "{Dark Energy Survey year 1 results: Galaxy clustering for
                        combined probes}",
      collaboration  = "DES",
      journal        = "Phys. Rev.",
      volume         = "D98",
      year           = "2018",
      number         = "4",
      pages          = "042006",
      doi            = "10.1103/PhysRevD.98.042006",
      eprint         = "1708.01536",
      archivePrefix  = "arXiv",
      primaryClass   = "astro-ph.CO",
      reportNumber   = "FERMILAB-PUB-17-280-AE",
      SLACcitation   = "%%CITATION = ARXIV:1708.01536;%%"
}
@article{Troxel:2017xyo,
      author         = "Troxel, M. A. and others",
      title          = "{Dark Energy Survey Year 1 results: Cosmological
                        constraints from cosmic shear}",
      collaboration  = "DES",
      journal        = "Phys. Rev.",
      volume         = "D98",
      year           = "2018",
      number         = "4",
      pages          = "043528",
      doi            = "10.1103/PhysRevD.98.043528",
      eprint         = "1708.01538",
      archivePrefix  = "arXiv",
      primaryClass   = "astro-ph.CO",
      reportNumber   = "FERMILAB-PUB-17-279-PPD",
      SLACcitation   = "%%CITATION = ARXIV:1708.01538;%%"
}
@article{Prat:2017goa,
      author         = "Prat, J. and others",
      title          = "{Dark Energy Survey year 1 results: Galaxy-galaxy
                        lensing}",
      collaboration  = "DES",
      journal        = "Phys. Rev.",
      volume         = "D98",
      year           = "2018",
      number         = "4",
      pages          = "042005",
      doi            = "10.1103/PhysRevD.98.042005",
      eprint         = "1708.01537",
      archivePrefix  = "arXiv",
      primaryClass   = "astro-ph.CO",
      reportNumber   = "FERMILAB-PUB-17-277-AE",
      SLACcitation   = "%%CITATION = ARXIV:1708.01537;%%"
}

@article{Zablocki:2015zcm,
      author         = "Zablocki, Alan and Dodelson, Scott",
      title          = "{Extreme data compression for the CMB}",
      journal        = "Phys. Rev.",
      volume         = "D93",
      year           = "2016",
      number         = "8",
      pages          = "083525",
      doi            = "10.1103/PhysRevD.93.083525",
      eprint         = "1512.00072",
      archivePrefix  = "arXiv",
      primaryClass   = "astro-ph.CO",
      reportNumber   = "FERMILAB-PUB-15-542-A",
      SLACcitation   = "%%CITATION = ARXIV:1512.00072;%%"
}
@article{Henning:2017nuy,
      author         = "Henning, J. W. and others",
      title          = "{Measurements of the Temperature and E-Mode Polarization
                        of the CMB from 500 Square Degrees of SPTpol Data}",
      year           = "2017",
      eprint         = "1707.09353",
      archivePrefix  = "arXiv",
      primaryClass   = "astro-ph.CO",
      SLACcitation   = "%%CITATION = ARXIV:1707.09353;%%"
}
@article{Nicola:2016eua,
      author         = "Nicola, Andrina and Refregier, Alexandre and Amara, Adam",
      title          = "{Integrated approach to cosmology: Combining CMB,
                        large-scale structure and weak lensing}",
      journal        = "Phys. Rev.",
      volume         = "D94",
      year           = "2016",
      number         = "8",
      pages          = "083517",
      doi            = "10.1103/PhysRevD.94.083517",
      eprint         = "1607.01014",
      archivePrefix  = "arXiv",
      primaryClass   = "astro-ph.CO",
      SLACcitation   = "%%CITATION = ARXIV:1607.01014;%%"
}
@article{Eifler:2008gx,
      author         = "Eifler, Tim and Schneider, Peter and Hartlap, Jan",
      title          = "{Dependence of cosmic shear covariances on cosmology -
                        Impact on parameter estimation}",
      journal        = "Astron. Astrophys.",
      volume         = "502",
      year           = "2009",
      pages          = "721-731",
      doi            = "10.1051/0004-6361/200811276",
      eprint         = "0810.4254",
      archivePrefix  = "arXiv",
      primaryClass   = "astro-ph",
      SLACcitation   = "%%CITATION = ARXIV:0810.4254;%%"
}

@ARTICLE{fosalba15a,
   author = {{Fosalba}, P. and {Gazta{\~n}aga}, E. and {Castander}, F.~J. and
  {Crocce}, M.},
    title = "{The MICE Grand Challenge light-cone simulation - III. Galaxy lensing mocks from all-sky lensing maps}",
  journal = {\mnras},
archivePrefix = "arXiv",
   eprint = {1312.2947},
 keywords = {gravitational lensing: weak, methods: analytical, methods: numerical, galaxies: general, cosmology: theory, large-scale structure of Universe},
     year = 2015,
    month = feb,
   volume = 447,
    pages = {1319-1332},
      doi = {10.1093/mnras/stu2464},
   adsurl = {http://adsabs.harvard.edu/abs/2015MNRAS.447.1319F},
  adsnote = {Provided by the SAO/NASA Astrophysics Data System}
}
@INPROCEEDINGS{busha13,
   author = {{Busha}, M.~T. and {Wechsler}, R.~H. and {Becker}, M.~R. and
  {Erickson}, B. and {Evrard}, A.~E.},
    title = "{Catalog Production for the DES Blind Cosmology Challenge}",
booktitle = {American Astronomical Society Meeting Abstracts \#221},
     year = 2013,
   series = {American Astronomical Society Meeting Abstracts},
   volume = 221,
    month = jan,
      eid = {341.07},
    pages = {341.07},
   adsurl = {http://adsabs.harvard.edu/abs/2013AAS...22134107B},
  adsnote = {Provided by the SAO/NASA Astrophysics Data System}
}
@ARTICLE{bnu0,
   author = {{Villaescusa-Navarro}, F. and {Marulli}, F. and {Viel}, M. and
        {Branchini}, E. and {Castorina}, E. and {Sefusatti}, E. and
        {Saito}, S.},
    title = "{Cosmology with massive neutrinos I: towards a realistic modeling of the relation between matter, haloes and galaxies}",
  journal = {\jcap},
archivePrefix = "arXiv",
   eprint = {1311.0866},
     year = 2014,
    month = mar,
   volume = 3,
      eid = {011},
    pages = {011},
      doi = {10.1088/1475-7516/2014/03/011},
   adsurl = {http://adsabs.harvard.edu/abs/2014JCAP...03..011V},
  adsnote = {Provided by the SAO/NASA Astrophysics Data System}
}

@ARTICLE{bnu2,
   author = {{LoVerde}, M.},
    title = "{Halo bias in mixed dark matter cosmologies}",
  journal = {\prd},
archivePrefix = "arXiv",
   eprint = {1405.4855},
 keywords = {Cosmology, Observational cosmology, Neutrino muon pion and other elementary particles, cosmic rays},
     year = 2014,
    month = oct,
   volume = 90,
   number = 8,
      eid = {083530},
    pages = {083530},
      doi = {10.1103/PhysRevD.90.083530},
   adsurl = {http://adsabs.harvard.edu/abs/2014PhRvD..90h3530L},
  adsnote = {Provided by the SAO/NASA Astrophysics Data System}
}
@ARTICLE{bnu1,
   author = {{Biagetti}, M. and {Desjacques}, V. and {Kehagias}, A. and {Riotto}, A.
        },
    title = "{Nonlocal halo bias with and without massive neutrinos}",
  journal = {\prd},
archivePrefix = "arXiv",
   eprint = {1405.1435},
 keywords = {Neutrino mass and mixing, Dark matter, Superclusters, large-scale structure of the Universe, Cosmology},
     year = 2014,
    month = aug,
   volume = 90,
   number = 4,
      eid = {045022},
    pages = {045022},
      doi = {10.1103/PhysRevD.90.045022},
   adsurl = {http://adsabs.harvard.edu/abs/2014PhRvD..90d5022B},
  adsnote = {Provided by the SAO/NASA Astrophysics Data System}
}
@article{Yeche:2017upn,
      author         = "Yèche, Christophe and Palanque-Delabrouille, Nathalie
                        and Baur, Julien and du Mas des Bourboux, Hélion",
      title          = "{Constraints on neutrino masses from Lyman-alpha forest
                        power spectrum with BOSS and XQ-100}",
      journal        = "JCAP",
      volume         = "1706",
      year           = "2017",
      number         = "06",
      pages          = "047",
      doi            = "10.1088/1475-7516/2017/06/047",
      eprint         = "1702.03314",
      archivePrefix  = "arXiv",
      primaryClass   = "astro-ph.CO",
      SLACcitation   = "%%CITATION = ARXIV:1702.03314;%%"
}
@article{Einstein:1917ce,
      author         = "Einstein, Albert",
      title          = "{Cosmological Considerations in the General Theory of
                        Relativity}",
      journal        = "Sitzungsber. Preuss. Akad. Wiss. Berlin (Math. Phys.)",
      volume         = "1917",
      year           = "1917",
      pages          = "142-152",
      SLACcitation   = "%%CITATION = SPWPA,1917,142;%%"
}
@article{Weinberg:2012es,
      author         = "Weinberg, David H. and Mortonson, Michael J. and
                        Eisenstein, Daniel J. and Hirata, Christopher and Riess,
                        Adam G. and Rozo, Eduardo",
      title          = "{Observational Probes of Cosmic Acceleration}",
      journal        = "Phys. Rept.",
      volume         = "530",
      year           = "2013",
      pages          = "87-255",
      doi            = "10.1016/j.physrep.2013.05.001",
      eprint         = "1201.2434",
      archivePrefix  = "arXiv",
      primaryClass   = "astro-ph.CO",
      SLACcitation   = "%%CITATION = ARXIV:1201.2434;%%"
}
@article{Takada:2007fq,
      author         = "Takada, Masahiro and Bridle, Sarah",
      title          = "{Probing dark energy with cluster counts and cosmic shear
                        power spectra: including the full covariance}",
      journal        = "New J. Phys.",
      volume         = "9",
      year           = "2007",
      pages          = "446",
      doi            = "10.1088/1367-2630/9/12/446",
      eprint         = "0705.0163",
      archivePrefix  = "arXiv",
      primaryClass   = "astro-ph",
      SLACcitation   = "%%CITATION = ARXIV:0705.0163;%%"
}
@article{Schaan:2014cpa,
      author         = "Schaan, Emmanuel and Takada, Masahiro and Spergel, David
                        N.",
      title          = "{Joint likelihood function of cluster counts and
                        $n$-point correlation functions: Improving their power
                        through including halo sample variance}",
      journal        = "Phys. Rev.",
      volume         = "D90",
      year           = "2014",
      number         = "12",
      pages          = "123523",
      doi            = "10.1103/PhysRevD.90.123523",
      eprint         = "1406.3330",
      archivePrefix  = "arXiv",
      primaryClass   = "astro-ph.CO",
      SLACcitation   = "%%CITATION = ARXIV:1406.3330;%%"
}
@article{Shapiro:2007cy,
      author         = "Shapiro, Charles and Dodelson, Scott",
      title          = "{Combining Weak Lensing Tomography with Halo Clustering
                        to Probe Dark Energy}",
      journal        = "Phys. Rev.",
      volume         = "D76",
      year           = "2007",
      pages          = "083515",
      doi            = "10.1103/PhysRevD.76.083515",
      eprint         = "0706.2395",
      archivePrefix  = "arXiv",
      primaryClass   = "astro-ph",
      reportNumber   = "FERMILAB-PUB-07-704-A",
      SLACcitation   = "%%CITATION = ARXIV:0706.2395;%%"
}
@article{Weinberg:1988cp,
      author         = "Weinberg, Steven",
      title          = "{The Cosmological Constant Problem}",
      journal        = "Rev. Mod. Phys.",
      volume         = "61",
      year           = "1989",
      pages          = "1-23",
      doi            = "10.1103/RevModPhys.61.1",
      reportNumber   = "UTTG-12-88",
      SLACcitation   = "%%CITATION = RMPHA,61,1;%%"
}
@article{Hinton2016,
  doi = {10.21105/joss.00045},
  url = {http://dx.doi.org/10.21105/joss.00045},
  year  = {2016},
  month = {aug},
  publisher = {The Open Journal},
  volume = {1},
  number = {4},
  author = {Samuel Hinton},
  title = {{ChainConsumer}},
  journal = {{JOSS}}
}
@article{Takahashi:2012em,
      author         = "Takahashi, Ryuichi and Sato, Masanori and Nishimichi,
                        Takahiro and Taruya, Atsushi and Oguri, Masamune",
      title          = "{Revising the Halofit Model for the Nonlinear Matter
                        Power Spectrum}",
      journal        = "Astrophys. J.",
      volume         = "761",
      year           = "2012",
      pages          = "152",
      doi            = "10.1088/0004-637X/761/2/152",
      eprint         = "1208.2701",
      archivePrefix  = "arXiv",
      primaryClass   = "astro-ph.CO",
      SLACcitation   = "%%CITATION = ARXIV:1208.2701;%%"
}

@article{Lewis:1999bs,
      author         = "Lewis, Antony and Challinor, Anthony and Lasenby,
                        Anthony",
      title          = "{Efficient computation of CMB anisotropies in closed FRW
                        models}",
      journal        = "Astrophys. J.",
      volume         = "538",
      year           = "2000",
      pages          = "473-476",
      doi            = "10.1086/309179",
      eprint         = "astro-ph/9911177",
      archivePrefix  = "arXiv",
      primaryClass   = "astro-ph",
      SLACcitation   = "%%CITATION = ASTRO-PH/9911177;%%"
}

@article{Troxel:2014dba,
      author         = "Troxel, M. A. and Ishak, Mustapha",
      title          = "{The Intrinsic Alignment of Galaxies and its Impact on
                        Weak Gravitational Lensing in an Era of Precision
                        Cosmology}",
      journal        = "Phys. Rept.",
      volume         = "558",
      year           = "2014",
      pages          = "1-59",
      doi            = "10.1016/j.physrep.2014.11.001",
      eprint         = "1407.6990",
      archivePrefix  = "arXiv",
      primaryClass   = "astro-ph.CO",
      SLACcitation   = "%%CITATION = ARXIV:1407.6990;%%"
}

@ARTICLE{Singh:2015,
   author = {{Singh}, S. and {Mandelbaum}, R. and {More}, S.},
    title = "{Intrinsic alignments of SDSS-III BOSS LOWZ sample galaxies}",
  journal = {\mnras},
archivePrefix = "arXiv",
   eprint = {1411.1755},
 keywords = {gravitational lensing: weak, galaxies: evolution, cosmology: observations, large-scale structure of Universe},
     year = 2015,
    month = jun,
   volume = 450,
    pages = {2195-2216},
      doi = {10.1093/mnras/stv778},
   adsurl = {http://adsabs.harvard.edu/abs/2015MNRAS.450.2195S},
  adsnote = {Provided by the SAO/NASA Astrophysics Data System}
}

@article{Abbott:2005bi,
      author         = "{DES Collaboration}",
      title          = "{The dark energy survey}",
      collaboration  = "{DES Collaboration}",
      year           = "2005",
      eprint         = "astro-ph/0510346",
      archivePrefix  = "arXiv",
      primaryClass   = "astro-ph",
      reportNumber   = "FERMILAB-PUB-05-656-A",
      SLACcitation   = "%%CITATION = ASTRO-PH/0510346;%%"
}


@article{DECam,
  author={Flaugher, B. and others},
    title = "{The Dark Energy Camera}",
    journal={The Astronomical Journal},
    volume={150},
    number={5},
    pages={150},
    url={http://stacks.iop.org/1538-3881/150/i=5/a=150},
    year={2015},
    archivePrefix = "arXiv",
    eprint = {1504.02900},
    primaryClass = "astro-ph.IM",
    keywords = {Astrophysics - Instrumentation and Methods for Astrophysics},
}

%%% additional technical publications

@article{Gruen:2015pcc,
      author         = "Gruen, Daniel and Bernstein, Gary M. and Jarvis, Mike and
                        Rowe, Barnaby and Vikram, Vinu and Plazas, Andres A. and
                        Seitz, Stella",
      title          = "{Characterization and Correction of Charge-Induced Pixel
                        Shifts in DECam}",
      booktitle      = "{Proceedings, Precision Astronomy with Fully Depleted
                        CCDs (PACCD2014): Upton, New York, December 4-5, 2014}",
      journal        = "JINST",
      volume         = "10",
      year           = "2015",
      number         = "05",
      pages          = "C05032",
      doi            = "10.1088/1748-0221/10/05/C05032",
      eprint         = "1501.02802",
      archivePrefix  = "arXiv",
      primaryClass   = "astro-ph.IM",
      reportNumber   = "FERMILAB-CONF-15-007",
      SLACcitation   = "%%CITATION = ARXIV:1501.02802;%%"
}

@article{Bernstein:2017wpr,
      author         = "Bernstein, G. M. and others",
      title          = "{Astrometric Calibration and Performance of the Dark
                        Energy Camera}",
      collaboration  = "{DES Collaboration}",
      journal        = "Publ. Astron. Soc. Pac.",
      volume         = "129",
      year           = "2017",
      pages          = "074503",
      doi            = "10.1088/1538-3873/aa6c55",
      eprint         = "1703.01679",
      archivePrefix  = "arXiv",
      primaryClass   = "astro-ph.IM",
      reportNumber   = "FERMILAB-PUB-17-057-AE",
      SLACcitation   = "%%CITATION = ARXIV:1703.01679;%%"
}

@article{Bernstein:2017gsy,
      author         = "Bernstein, G. M. and others",
      title          = "{Instrumental response model and detrending for the Dark
                        Energy Camera}",
      year           = "2017",
      eprint         = "1706.09928",
      archivePrefix  = "arXiv",
      primaryClass   = "astro-ph.IM",
      SLACcitation   = "%%CITATION = ARXIV:1706.09928;%%"
}

%%% SV results

@article{Sanchez:2016mky,
      author         = "Sanchez, C. and others",
      title          = "{Cosmic Voids and Void Lensing in the Dark Energy Survey
                        Science Verification Data}",
      collaboration  = "{DES Collaboration}",
      journal        = "Mon. Not. Roy. Astron. Soc.",
      volume         = "465",
      year           = "2017",
      number         = "1",
      pages          = "746-759",
      doi            = "10.1093/mnras/stw2745",
      eprint         = "1605.03982",
      archivePrefix  = "arXiv",
      primaryClass   = "astro-ph.CO",
      reportNumber   = "FERMILAB-PUB-16-173-AE",
      SLACcitation   = "%%CITATION = ARXIV:1605.03982;%%"
}


@article{Clampitt:2016ljk,
      author         = "Clampitt, J. and others",
      title          = "{Galaxy-galaxy lensing in the Dark Energy Survey
                        Science Verification data}",
      collaboration  = "{DES Collaboration}",
      journal        = "Mon. Not. Roy. Astron. Soc.",
      volume         = "465",
      year           = "2017",
      number         = "4",
      pages          = "4204-4218",
      doi            = "10.1093/mnras/stw2988",
      eprint         = "1603.05790",
      archivePrefix  = "arXiv",
      primaryClass   = "astro-ph.CO",
      reportNumber   = "FERMILAB-PUB-16-088-AE",
      SLACcitation   = "%%CITATION = ARXIV:1603.05790;%%"
}

@ARTICLE{Kwan:2016mcy,
   author = {{Kwan}, J. and others},
    title = "{Cosmology from large-scale galaxy clustering and galaxy-galaxy lensing with Dark Energy Survey Science Verification data}",
  journal = {\mnras},
archivePrefix = "arXiv",
   eprint = {1604.07871},
 keywords = {gravitational lensing: weak, cosmological parameters, large-scale structure of Universe},
     year = 2017,
    month = feb,
   volume = 464,
    pages = {4045-4062},
      doi = {10.1093/mnras/stw2464},
   adsurl = {http://adsabs.harvard.edu/abs/2017MNRAS.464.4045K},
  adsnote = {Provided by the SAO/NASA Astrophysics Data System}
  }

@article{Kacprzak:2016vir,
      author         = "Kacprzak, T. and others",
      title          = "{Cosmology constraints from shear peak statistics in Dark
                        Energy Survey Science Verification data}",
      collaboration  = "{DES Collaboration}",
      journal        = "Mon. Not. Roy. Astron. Soc.",
      volume         = "463",
      year           = "2016",
      number         = "4",
      pages          = "3653-3673",
      doi            = "10.1093/mnras/stw2070",
      eprint         = "1603.05040",
      archivePrefix  = "arXiv",
      primaryClass   = "astro-ph.CO",
      reportNumber   = "FERMILAB-PUB-15-566-AE",
      SLACcitation   = "%%CITATION = ARXIV:1603.05040;%%"
}

@article{Melchior:2016eyd,
      author         = "Melchior, P. and others",
      title          = "{Weak-lensing mass calibration of redMaPPer galaxy
                        clusters in Dark Energy Survey Science Verification data}",
      collaboration  = "{DES Collaboration}",
      journal        = "Submitted to: Mon. Not. Roy. Astron. Soc.",
      year           = "2016",
      eprint         = "1610.06890",
      archivePrefix  = "arXiv",
      primaryClass   = "astro-ph.CO",
      reportNumber   = "FERMILAB-PUB-16-468-AE",
      SLACcitation   = "%%CITATION = ARXIV:1610.06890;%%"
}
@article{Chang:2016npo,
      author         = "Chang, C. and others",
      title          = "{Galaxy bias from the Dark Energy Survey Science
                        Verification data: combining galaxy density maps and weak
                        lensing maps}",
      collaboration  = "{DES Collaboration}",
      journal        = "Mon. Not. Roy. Astron. Soc.",
      volume         = "459",
      year           = "2016",
      number         = "3",
      pages          = "3203-3216",
      doi            = "10.1093/mnras/stw861",
      eprint         = "1601.00405",
      archivePrefix  = "arXiv",
      primaryClass   = "astro-ph.CO",
      reportNumber   = "FERMILAB-PUB-16-010-AE",
      SLACcitation   = "%%CITATION = ARXIV:1601.00405;%%"
}

@article{Clerkin:2016kyr,
      author         = "Clerkin, L. and others",
      title          = "{Testing the lognormality of the galaxy and weak lensing
                        convergence distributions from Dark Energy Survey maps}",
      collaboration  = "{DES Collaboration}",
      journal        = "Mon. Not. Roy. Astron. Soc.",
      volume         = "466",
      year           = "2017",
      number         = "2",
      pages          = "1444-1461",
      doi            = "10.1093/mnras/stw2106",
      eprint         = "1605.02036",
      archivePrefix  = "arXiv",
      primaryClass   = "astro-ph.CO",
      reportNumber   = "FERMILAB-PUB-16-161-AE",
      SLACcitation   = "%%CITATION = ARXIV:1605.02036;%%"
}
@article{Prat:2016xor,
      author         = "Prat, J. and others",
      title          = "{Galaxy bias from galaxy-galaxy lensing in the DES
                        Science Verification Data}",
      collaboration  = "{DES Collaboration}",
      journal        = "Submitted to: Mon. Not. Roy. Astron. Soc.",
      year           = "2016",
      eprint         = "1609.08167",
      archivePrefix  = "arXiv",
      primaryClass   = "astro-ph.CO",
      reportNumber   = "FERMILAB-PUB-16-389-AE",
      SLACcitation   = "%%CITATION = ARXIV:1609.08167;%%"
}

@article{MacCrann:2016gac,
      author         = "MacCrann, N. and others",
      title          = "{Inference from the small scales of cosmic shear with
                        current and future Dark Energy Survey data}",
      collaboration  = "{DES Collaboration}",
      journal        = "Mon. Not. Roy. Astron. Soc.",
      volume         = "465",
      year           = "2017",
      number         = "3",
      pages          = "2567-2583",
      doi            = "10.1093/mnras/stw2849",
      eprint         = "1608.01838",
      archivePrefix  = "arXiv",
      primaryClass   = "astro-ph.CO",
      reportNumber   = "FERMILAB-PUB-16-303-A",
      SLACcitation   = "%%CITATION = ARXIV:1608.01838;%%"
}

@article{Chang:2015odg,
      author         = "Chang, C. and others",
      title          = "{Wide-Field Lensing Mass Maps from Dark Energy Survey
                        Science Verification Data}",
      collaboration  = "{DES Collaboration}",
      journal        = "Phys. Rev. Lett.",
      volume         = "115",
      year           = "2015",
      number         = "5",
      pages          = "051301",
      doi            = "10.1103/PhysRevLett.115.051301",
      eprint         = "1505.01871",
      archivePrefix  = "arXiv",
      primaryClass   = "astro-ph.CO",
      reportNumber   = "FERMILAB-PUB-15-343-AE",
      SLACcitation   = "%%CITATION = ARXIV:1505.01871;%%"
}

@article{Gruen:2015jhr,
      author         = "Gruen, D. and others",
      title          = "{Weak lensing by galaxy troughs in DES Science
                        Verification data}",
      collaboration  = "{DES Collaboration}",
      journal        = "Mon. Not. Roy. Astron. Soc.",
      volume         = "455",
      year           = "2016",
      number         = "3",
      pages          = "3367-3380",
      doi            = "10.1093/mnras/stv2506",
      eprint         = "1507.05090",
      archivePrefix  = "arXiv",
      primaryClass   = "astro-ph.CO",
      reportNumber   = "FERMILAB-PUB-15-300-AE",
      SLACcitation   = "%%CITATION = ARXIV:1507.05090;%%"
}

@article{Crocce:2015xpb,
      author         = "Crocce, M. and others",
      title          = "{Galaxy clustering, photometric redshifts and diagnosis
                        of systematics in the DES Science Verification data}",
      collaboration  = "{DES Collaboration}",
      journal        = "Mon. Not. Roy. Astron. Soc.",
      volume         = "455",
      year           = "2016",
      number         = "4",
      pages          = "4301-4324",
      doi            = "10.1093/mnras/stv2590",
      eprint         = "1507.05360",
      archivePrefix  = "arXiv",
      primaryClass   = "astro-ph.CO",
      reportNumber   = "FERMILAB-PUB-15-305",
      SLACcitation   = "%%CITATION = ARXIV:1507.05360;%%"
}

@article{Becker:2015ilr,
      author         = "Becker, M. R. and others",
      title          = "{Cosmic shear measurements with Dark Energy Survey
                        Science Verification data}",
      collaboration  = "{DES Collaboration}",
      journal        = "Phys. Rev.",
      volume         = "D94",
      year           = "2016",
      number         = "2",
      pages          = "022002",
      doi            = "10.1103/PhysRevD.94.022002",
      eprint         = "1507.05598",
      archivePrefix  = "arXiv",
      primaryClass   = "astro-ph.CO",
      reportNumber   = "FERMILAB-PUB-15-303-AE",
      SLACcitation   = "%%CITATION = ARXIV:1507.05598;%%"
}


@article{Vikram:2015leg,
      author         = "Vikram, V. and others",
      title          = "{Wide-field lensing mass maps from Dark Energy Survey
                        science verification data: Methodology and detailed
                        analysis}",
      collaboration  = "{DES Collaboration}",
      journal        = "Phys. Rev.",
      volume         = "D92",
      year           = "2015",
      number         = "2",
      pages          = "022006",
      doi            = "10.1103/PhysRevD.92.022006",
      eprint         = "1504.03002",
      archivePrefix  = "arXiv",
      primaryClass   = "astro-ph.CO",
      reportNumber   = "FERMILAB-PUB-15-148-AE",
      SLACcitation   = "%%CITATION = ARXIV:1504.03002;%%"
}

@article{Melchior:2014yap,
      author         = "Melchior, P. and others",
      title          = "{Mass and galaxy distributions of four massive galaxy
                        clusters from Dark Energy Survey Science Verification
                        data}",
      collaboration  = "{DES Collaboration}",
      journal        = "Mon. Not. Roy. Astron. Soc.",
      volume         = "449",
      year           = "2015",
      number         = "3",
      pages          = "2219-2238",
      doi            = "10.1093/mnras/stv398",
      eprint         = "1405.4285",
      archivePrefix  = "arXiv",
      primaryClass   = "astro-ph.CO",
      reportNumber   = "FERMILAB-PUB-14-148-A",
      SLACcitation   = "%%CITATION = ARXIV:1405.4285;%%"
}


@article{Blake:2013nif,
      author         = "Blake, Chris and others",
      title          = "{Galaxy And Mass Assembly (GAMA): improved cosmic growth
                        measurements using multiple tracers of large-scale
                        structure}",
      journal        = "Mon. Not. Roy. Astron. Soc.",
      volume         = "436",
      year           = "2013",
      pages          = "3089",
      doi            = "10.1093/mnras/stt1791",
      eprint         = "1309.5556",
      archivePrefix  = "arXiv",
      primaryClass   = "astro-ph.CO",
      SLACcitation   = "%%CITATION = ARXIV:1309.5556;%%"
}


@article{Alam:2016hwk,
      author         = "Alam, Shadab and others",
      title          = "{The clustering of galaxies in the completed SDSS-III
                        Baryon Oscillation Spectroscopic Survey: cosmological
                        analysis of the DR12 galaxy sample}",
      collaboration  = "BOSS",
      journal        = "Submitted to: Mon. Not. Roy. Astron. Soc.",
      year           = "2016",
      eprint         = "1607.03155",
      archivePrefix  = "arXiv",
      primaryClass   = "astro-ph.CO",
      SLACcitation   = "%%CITATION = ARXIV:1607.03155;%%"
}
%% WMAP, Planck and other CMB
@article{Hinshaw:2012aka,
      author         = "Hinshaw, G. and others",
      title          = "{Nine-Year Wilkinson Microwave Anisotropy Probe (WMAP)
                        Observations: Cosmological Parameter Results}",
      collaboration  = "WMAP",
      journal        = "Astrophys. J. Suppl.",
      volume         = "208",
      year           = "2013",
      pages          = "19",
      doi            = "10.1088/0067-0049/208/2/19",
      eprint         = "1212.5226",
      archivePrefix  = "arXiv",
      primaryClass   = "astro-ph.CO",
      SLACcitation   = "%%CITATION = ARXIV:1212.5226;%%"
}
@article{Bennett:2012zja,
      author         = "Bennett, C. L. and others",
      title          = "{Nine-Year Wilkinson Microwave Anisotropy Probe (WMAP)
                        Observations: Final Maps and Results}",
      collaboration  = "WMAP",
      journal        = "Astrophys. J. Suppl.",
      volume         = "208",
      year           = "2013",
      pages          = "20",
      doi            = "10.1088/0067-0049/208/2/20",
      eprint         = "1212.5225",
      archivePrefix  = "arXiv",
      primaryClass   = "astro-ph.CO",
      SLACcitation   = "%%CITATION = ARXIV:1212.5225;%%"
}
@article{Ade:2013zuv,
      author         = "Ade, P. A. R. and others",
      title          = "{Planck 2013 results. XVI. Cosmological parameters}",
      collaboration  = "Planck",
      journal        = "Astron. Astrophys.",
      volume         = "571",
      year           = "2014",
      pages          = "A16",
      doi            = "10.1051/0004-6361/201321591",
      eprint         = "1303.5076",
      archivePrefix  = "arXiv",
      primaryClass   = "astro-ph.CO",
      reportNumber   = "CERN-PH-TH-2013-129",
      SLACcitation   = "%%CITATION = ARXIV:1303.5076;%%"
}
@article{Ade:2015xua,
      author         = "Ade, P. A. R. and others",
      title          = "{Planck 2015 results. XIII. Cosmological parameters}",
      collaboration  = "Planck",
      journal        = "Astron. Astrophys.",
      volume         = "594",
      year           = "2016",
      pages          = "A13",
      doi            = "10.1051/0004-6361/201525830",
      eprint         = "1502.01589",
      archivePrefix  = "arXiv",
      primaryClass   = "astro-ph.CO",
      SLACcitation   = "%%CITATION = ARXIV:1502.01589;%%"
}
@article{Calabrese:2017ypx,
      author         = "Calabrese, Erminia and others",
      title          = "{Cosmological Parameters from pre-Planck CMB
                        Measurements: a 2017 Update}",
      journal        = "Phys. Rev.",
      volume         = "D95",
      year           = "2017",
      number         = "6",
      pages          = "063525",
      doi            = "10.1103/PhysRevD.95.063525",
      eprint         = "1702.03272",
      archivePrefix  = "arXiv",
      primaryClass   = "astro-ph.CO",
      SLACcitation   = "%%CITATION = ARXIV:1702.03272;%%"
}
%%%%%%%%%%%%%%%%%%%%%%%%%%%%%%%%%%%%%%%%%
%% new-ish SN
%%%%%%%%%%%%%%%%%%%%%%%%%%%%%%%%%%%%%%%%%
@article{Suzuki:2011hu,
      author         = "Suzuki, N. and others",
      title          = "{The Hubble Space Telescope Cluster Supernova Survey: V.
                        Improving the Dark Energy Constraints Above z>1 and
                        Building an Early-Type-Hosted Supernova Sample}",
      journal        = "Astrophys. J.",
      volume         = "746",
      year           = "2012",
      pages          = "85",
      doi            = "10.1088/0004-637X/746/1/85",
      eprint         = "1105.3470",
      archivePrefix  = "arXiv",
      primaryClass   = "astro-ph.CO",
      SLACcitation   = "%%CITATION = ARXIV:1105.3470;%%"
}
@article{Betoule:2014frx,
      author         = "Betoule, M. and others",
      title          = "{Improved cosmological constraints from a joint analysis
                        of the SDSS-II and SNLS supernova samples}",
      collaboration  = "SDSS",
      journal        = "Astron. Astrophys.",
      volume         = "568",
      year           = "2014",
      pages          = "A22",
      doi            = "10.1051/0004-6361/201423413",
      eprint         = "1401.4064",
      archivePrefix  = "arXiv",
      primaryClass   = "astro-ph.CO",
      reportNumber   = "FERMILAB-PUB-14-013-A-AE",
      SLACcitation   = "%%CITATION = ARXIV:1401.4064;%%"
}
@article{Rest:2013mwz,
      author         = "Rest, A. and others",
      title          = "{Cosmological Constraints from Measurements of Type Ia
                        Supernovae discovered during the first 1.5 yr of the
                        Pan-STARRS1 Survey}",
      journal        = "Astrophys. J.",
      volume         = "795",
      year           = "2014",
      number         = "1",
      pages          = "44",
      doi            = "10.1088/0004-637X/795/1/44",
      eprint         = "1310.3828",
      archivePrefix  = "arXiv",
      primaryClass   = "astro-ph.CO",
      SLACcitation   = "%%CITATION = ARXIV:1310.3828;%%"
}
@article{Ross:2014qpa,
      author         = "Ross, Ashley J. and Samushia, Lado and Howlett, Cullan
                        and Percival, Will J. and Burden, Angela and Manera, Marc",
      title          = "{The clustering of the SDSS DR7 main Galaxy sample -I.
                        A 4 per cent distance measure at $z = 0.15$}",
      journal        = "Mon. Not. Roy. Astron. Soc.",
      volume         = "449",
      year           = "2015",
      number         = "1",
      pages          = "835-847",
      doi            = "10.1093/mnras/stv154",
      eprint         = "1409.3242",
      archivePrefix  = "arXiv",
      primaryClass   = "astro-ph.CO",
      SLACcitation   = "%%CITATION = ARXIV:1409.3242;%%"
}
@article{Ross:2016gvb,
      author         = "Ross, Ashley J. and others",
      title          = "{The clustering of galaxies in the completed SDSS-III
                        Baryon Oscillation Spectroscopic Survey: Observational
                        systematics and baryon acoustic oscillations in the
                        correlation function}",
      collaboration  = "BOSS",
      journal        = "Mon. Not. Roy. Astron. Soc.",
      volume         = "464",
      year           = "2017",
      number         = "1",
      pages          = "1168-1191",
      doi            = "10.1093/mnras/stw2372",
      eprint         = "1607.03145",
      archivePrefix  = "arXiv",
      primaryClass   = "astro-ph.CO",
      SLACcitation   = "%%CITATION = ARXIV:1607.03145;%%"
}
@article{Riess:2016jrr,
      author         = "Riess, Adam G. and others",
      title          = "{A 2.4\% Determination of the Local Value of the Hubble
                        Constant}",
      journal        = "Astrophys. J.",
      volume         = "826",
      year           = "2016",
      number         = "1",
      pages          = "56",
      doi            = "10.3847/0004-637X/826/1/56",
      eprint         = "1604.01424",
      archivePrefix  = "arXiv",
      primaryClass   = "astro-ph.CO",
      SLACcitation   = "%%CITATION = ARXIV:1604.01424;%%"
}
@article{Bernal:2016gxb,
      author         = "Bernal, Jose Luis and Verde, Licia and Riess, Adam G.",
      title          = "{The trouble with $H_0$}",
      journal        = "JCAP",
      volume         = "1610",
      year           = "2016",
      number         = "10",
      pages          = "019",
      doi            = "10.1088/1475-7516/2016/10/019",
      eprint         = "1607.05617",
      archivePrefix  = "arXiv",
      primaryClass   = "astro-ph.CO",
      SLACcitation   = "%%CITATION = ARXIV:1607.05617;%%"
}
@article{Beutler:2011hx,
      author         = "Beutler, Florian and Blake, Chris and Colless, Matthew
                        and Jones, D. Heath and Staveley-Smith, Lister and
                        Campbell, Lachlan and Parker, Quentin and Saunders, Will
                        and Watson, Fred",
      title          = "{The 6dF Galaxy Survey: Baryon Acoustic Oscillations and
                        the Local Hubble Constant}",
      journal        = "Mon. Not. Roy. Astron. Soc.",
      volume         = "416",
      year           = "2011",
      pages          = "3017-3032",
      doi            = "10.1111/j.1365-2966.2011.19250.x",
      eprint         = "1106.3366",
      archivePrefix  = "arXiv",
      primaryClass   = "astro-ph.CO",
      SLACcitation   = "%%CITATION = ARXIV:1106.3366;%%"
}
@article{Abbott:2015swa,
      author         = "{DES Collaboration}",
      title          = "{Cosmology from cosmic shear with Dark Energy Survey
                        Science Verification data}",
      collaboration  = "{DES Collaboration}",
      journal        = "Phys. Rev.",
      volume         = "D94",
      year           = "2016",
      number         = "2",
      pages          = "022001",
      doi            = "10.1103/PhysRevD.94.022001",
      eprint         = "1507.05552",
      archivePrefix  = "arXiv",
      primaryClass   = "astro-ph.CO",
      reportNumber   = "DES-2015-0076, FERMILAB-PUB-15-285-AE",
      SLACcitation   = "%%CITATION = ARXIV:1507.05552;%%"
}

%%%%%%%%%%%%%%%%%%%%%%%%%%%%%%%%%%%%%
%%% early LSS
%%%%%%%%%%%%%%%%%%%%%%%%%%%%%%%%%%%%%
@ARTICLE{2006AJ....132..926C,
   author = {{Coe}, D. and {Ben{\'{\i}}tez}, N. and {S{\'a}nchez}, S.~F. and 
	{Jee}, M. and {Bouwens}, R. and {Ford}, H.},
    title = "{Galaxies in the Hubble Ultra Deep Field. I. Detection, Multiband Photometry, Photometric Redshifts, and Morphology}",
  journal = {\aj},
   eprint = {astro-ph/0605262},
 keywords = {Cosmology: Observations, Galaxies: Distances and Redshifts, Galaxies: Evolution, Galaxies: Photometry, Galaxies: Statistics, Galaxies: Structure},
     year = 2006,
    month = aug,
   volume = 132,
    pages = {926-959},
      doi = {10.1086/505530},
   adsurl = {http://adsabs.harvard.edu/abs/2006AJ....132..926C},
  adsnote = {Provided by the SAO/NASA Astrophysics Data System}
}

@article{Abbott:2016ktf,
      author         = "{DES Collaboration}",
      title          = "{The Dark Energy Survey: more than dark energy - an
                        overview}",
      collaboration  = "{DES Collaboration}",
      journal        = "Mon. Not. Roy. Astron. Soc.",
      volume         = "460",
      year           = "2016",
      number         = "2",
      pages          = "1270-1299",
      doi            = "10.1093/mnras/stw641",
      eprint         = "1601.00329",
      archivePrefix  = "arXiv",
      primaryClass   = "astro-ph.CO",
      reportNumber   = "FERMILAB-PUB-16-003-AE, DES-2015-0085",
      SLACcitation   = "%%CITATION = ARXIV:1601.00329;%%"
}
@article{Laigle:2016jxn,
      author         = "Laigle, C. and others",
      title          = "{The COSMOS2015 Catalog: Exploring the 1<z<6 Universe
                        with half a million galaxies}",
      journal        = "Astrophys. J. Suppl.",
      volume         = "224",
      year           = "2016",
      number         = "2",
      pages          = "24",
      doi            = "10.3847/0067-0049/224/2/24",
      eprint         = "1604.02350",
      archivePrefix  = "arXiv",
      primaryClass   = "astro-ph.GA",
      reportNumber   = "APJS, 224, 24-(2016)",
      SLACcitation   = "%%CITATION = ARXIV:1604.02350;%%"
}



@article{Zuntz:2014csq,
      author         = "Zuntz, Joe and Paterno, Marc and Jennings, Elise and
                        Rudd, Douglas and Manzotti, Alessandro and Dodelson, Scott
                        and Bridle, Sarah and Sehrish, Saba and Kowalkowski,
                        James",
      title          = "{CosmoSIS: Modular Cosmological Parameter Estimation}",
      journal        = "Astron. Comput.",
      volume         = "12",
      year           = "2015",
      pages          = "45-59",
      doi            = "10.1016/j.ascom.2015.05.005",
      eprint         = "1409.3409",
      archivePrefix  = "arXiv",
      primaryClass   = "astro-ph.CO",
      reportNumber   = "FERMILAB-PUB-14-408-A",
      SLACcitation   = "%%CITATION = ARXIV:1409.3409;%%"
}
@article{Krause:2017ekm,
      author         = "Krause, E. and others",
      title          = "{Dark Energy Survey Year 1 Results: Multi-Probe
                        Methodology and Simulated Likelihood Analyses}",
      collaboration  = "DES",
      journal        = "Submitted to: Phys. Rev. D",
      year           = "2017",
      eprint         = "1706.09359",
      archivePrefix  = "arXiv",
      primaryClass   = "astro-ph.CO",
      reportNumber   = "FERMILAB-PUB-17-215-A",
      SLACcitation   = "%%CITATION = ARXIV:1706.09359;%%"
}
@article{Krause:2016jvl,
      author         = "Krause, Elisabeth and Eifler, Tim",
      title          = "{CosmoLike - Cosmological Likelihood Analyses for
                        Photometric Galaxy Surveys}",
      year           = "2016",
      eprint         = "1601.05779",
      archivePrefix  = "arXiv",
      primaryClass   = "astro-ph.CO",
      SLACcitation   = "%%CITATION = ARXIV:1601.05779;%%"
}
@article{Feroz:2008xx,
      author         = "Feroz, F. and Hobson, M. P. and Bridges, M.",
      title          = "{MultiNest: an efficient and robust Bayesian inference
                        tool for cosmology and particle physics}",
      journal        = "Mon. Not. Roy. Astron. Soc.",
      volume         = "398",
      year           = "2009",
      pages          = "1601-1614",
      doi            = "10.1111/j.1365-2966.2009.14548.x",
      eprint         = "0809.3437",
      archivePrefix  = "arXiv",
      primaryClass   = "astro-ph",
      SLACcitation   = "%%CITATION = ARXIV:0809.3437;%%"
}
@article{ForemanMackey:2012ig,
      author         = "Foreman-Mackey, Daniel and Hogg, David W. and Lang,
                        Dustin and Goodman, Jonathan",
      title          = "{emcee: The MCMC Hammer}",
      journal        = "Publ. Astron. Soc. Pac.",
      volume         = "125",
      year           = "2013",
      pages          = "306-312",
      doi            = "10.1086/670067",
      eprint         = "1202.3665",
      archivePrefix  = "arXiv",
      primaryClass   = "astro-ph.IM",
      SLACcitation   = "%%CITATION = ARXIV:1202.3665;%%"
}
@article{Zuntz:2013zi,
      author         = "Zuntz, Joe and Kacprzak, Tomasz and Voigt, Lisa and
                        Hirsch, Michael and Rowe, Barnaby and Bridle, Sarah",
      title          = "{IM3SHAPE: A maximum-likelihood galaxy shear measurement
                        code for cosmic gravitational lensing}",
      journal        = "Mon. Not. Roy. Astron. Soc.",
      volume         = "434",
      year           = "2013",
      pages          = "1604",
      doi            = "10.1093/mnras/stt1125",
      eprint         = "1302.0183",
      archivePrefix  = "arXiv",
      primaryClass   = "astro-ph.CO",
      SLACcitation   = "%%CITATION = ARXIV:1302.0183;%%"
}
@article{Reyes:2011fe,
      author         = "Reyes, Reinabelle and Mandelbaum, Rachel and Gunn, James
                        E. and Nakajima, Reiko and Seljak, Uros and Hirata, Chris
                        M.",
      title          = "{Virial-to-optical velocity ratios of local disk galaxies
                        from combined kinematics and galaxy-galaxy lensing}",
      journal        = "Mon. Not. Roy. Astron. Soc.",
      volume         = "425",
      year           = "2012",
      pages          = "2610",
      doi            = "10.1111/j.1365-2966.2012.21472.x",
      eprint         = "1110.4107",
      archivePrefix  = "arXiv",
      primaryClass   = "astro-ph.CO",
      SLACcitation   = "%%CITATION = ARXIV:1110.4107;%%"
}

@article{vanUitert:2017ieu,
      author         = "van Uitert, Edo and others",
      title          = "{KiDS+GAMA: Cosmology constraints from a joint analysis
                        of cosmic shear, galaxy-galaxy lensing and angular
                        clustering}",
      year           = "2017",
      eprint         = "1706.05004",
      archivePrefix  = "arXiv",
      primaryClass   = "astro-ph.CO",
      SLACcitation   = "%%CITATION = ARXIV:1706.05004;%%"
}

@article{Joudaki:2017, 
author = "Shahab Joudaki and others", 
title = { KiDS-450 + 2dFLenS: Cosmological parameter constraints from weak gravitational lensing tomography and overlapping redshift-space galaxy clustering }, 
eprint = { arXiv:1707.06627v1 }, 
year = { 2017 }, 
url = { http://arxiv.org/abs/1707.06627v1 }, 
} 

@article{Hildebrandt:2016iqg,
      author         = "Hildebrandt, H. and others",
      title          = "{KiDS-450: Cosmological parameter constraints from
                        tomographic weak gravitational lensing}",
      journal        = "Mon. Not. Roy. Astron. Soc.",
      volume         = "465",
      year           = "2017",
      pages          = "1454",
      doi            = "10.1093/mnras/stw2805",
      eprint         = "1606.05338",
      archivePrefix  = "arXiv",
      primaryClass   = "astro-ph.CO",
      SLACcitation   = "%%CITATION = ARXIV:1606.05338;%%"
}

@ARTICLE{1973ApJ...185..413P,
   author = {{Peebles}, P.~J.~E.},
    title = "{Statistical Analysis of Catalogs of Extragalactic Objects. I. Theory}",
  journal = {\apj},
     year = 1973,
    month = oct,
   volume = 185,
    pages = {413-440},
      doi = {10.1086/152431},
   adsurl = {http://adsabs.harvard.edu/abs/1973ApJ...185..413P},
  adsnote = {Provided by the SAO/NASA Astrophysics Data System}
}
@ARTICLE{1974ApJS...28...19P,
   author = {{Peebles}, P.~J.~E. and {Hauser}, M.~G.},
    title = "{Statistical Analysis of Catalogs of Extragalactic Objects. III. The Shane-Wirtanen and Zwicky Catalogs}",
  journal = {\apjs},
     year = 1974,
    month = nov,
   volume = 28,
    pages = {19},
      doi = {10.1086/190308},
   adsurl = {http://adsabs.harvard.edu/abs/1974ApJS...28...19P},
  adsnote = {Provided by the SAO/NASA Astrophysics Data System}
}
@article{Groth:1977gj,
      author         = "Groth, E. J. and Peebles, P. J. E.",
      title          = "{Statistical analysis of catalogs of extragalactic
                        objects. 7. Two and three point correlation functions for
                        the high - resolution Shane-Wirtanen catalog of galaxies}",
      journal        = "Astrophys. J.",
      volume         = "217",
      year           = "1977",
      pages          = "385",
      doi            = "10.1086/155588",
      SLACcitation   = "%%CITATION = ASJOA,217,385;%%"
}
@article{Peebles:1982ff,
      author         = "Peebles, P. J. E.",
      title          = "{Large scale background temperature and mass fluctuations
                        due to scale invariant primeval perturbations}",
      journal        = "Astrophys. J.",
      volume         = "263",
      year           = "1982",
      pages          = "L1-L5",
      doi            = "10.1086/183911",
      SLACcitation   = "%%CITATION = ASJOA,263,L1;%%"
}
@article{Blumenthal:1984bp,
      author         = "Blumenthal, George R. and Faber, S. M. and Primack, Joel
                        R. and Rees, Martin J.",
      title          = "{Formation of Galaxies and Large Scale Structure with
                        Cold Dark Matter}",
      journal        = "Nature",
      volume         = "311",
      year           = "1984",
      pages          = "517-525",
      doi            = "10.1038/311517a0",
      reportNumber   = "SLAC-PUB-3307",
      SLACcitation   = "%%CITATION = NATUA,311,517;%%"
}

@article{Kaiser:1984sw,
      author         = "Kaiser, Nick",
      title          = "{On the Spatial correlations of Abell clusters}",
      journal        = "Astrophys. J.",
      volume         = "284",
      year           = "1984",
      pages          = "L9-L12",
      doi            = "10.1086/184341",
      SLACcitation   = "%%CITATION = ASJOA,284,L9;%%"
}

@article{Davis:1985rj,
      author         = "Davis, Marc and Efstathiou, George and Frenk, Carlos S.
                        and White, Simon D. M.",
      title          = "{The Evolution of Large Scale Structure in a Universe
                        Dominated by Cold Dark Matter}",
      journal        = "Astrophys. J.",
      volume         = "292",
      year           = "1985",
      pages          = "371-394",
      doi            = "10.1086/163168",
      reportNumber   = "NSF-ITP-84-129",
      SLACcitation   = "%%CITATION = ASJOA,292,371;%%"
}

%%% APM
@article{Maddox:1990yw,
      author         = "Maddox, S. J. and Efstathiou, G. and Sutherland, W. J.
                        and Loveday, J.",
      title          = "{The APM galaxy survey. I - APM measurements and
                        star-galaxy separation}",
      journal        = "Mon. Not. Roy. Astron. Soc.",
      volume         = "243",
      year           = "1990",
      pages          = "692-712",
      SLACcitation   = "%%CITATION = MNRAA,243,692;%%"
}
@article{Baugh:1995kz,
      author         = "Baugh, C. M.",
      title          = "{The real space correlation function measured from the
                        apm galaxy survey}",
      journal        = "Mon. Not. Roy. Astron. Soc.",
      volume         = "280",
      year           = "1996",
      pages          = "267-275",
      doi            = "10.1093/mnras/280.1.267",
      eprint         = "astro-ph/9512011",
      archivePrefix  = "arXiv",
      primaryClass   = "astro-ph",
      SLACcitation   = "%%CITATION = ASTRO-PH/9512011;%%"
}
@article{Maddox:1996vz,
      author         = "Maddox, S. J. and Efstathiou, G. and Sutherland, W. J.",
      title          = "{The apm galaxy survey. 3. An analysis of systematic
                        errors in the angular correlation function and
                        cosmological implications}",
      journal        = "Mon. Not. Roy. Astron. Soc.",
      volume         = "283",
      year           = "1996",
      pages          = "1227-1263",
      doi            = "10.1093/mnras/283.4.1227",
      eprint         = "astro-ph/9601103",
      archivePrefix  = "arXiv",
      primaryClass   = "astro-ph",
      SLACcitation   = "%%CITATION = ASTRO-PH/9601103;%%"
}
@article{Eisenstein:1999jg,
      author         = "Eisenstein, Daniel J. and Zaldarriaga, Matias",
      title          = "{Correlations in the spatial power spectrum inferred from
                        angular clustering: methods and application to apm}",
      journal        = "Astrophys. J.",
      volume         = "546",
      year           = "2001",
      pages          = "2",
      doi            = "10.1086/318226",
      eprint         = "astro-ph/9912149",
      archivePrefix  = "arXiv",
      primaryClass   = "astro-ph",
      SLACcitation   = "%%CITATION = ASTRO-PH/9912149;%%"
}
%%% EDSGC
@ARTICLE{1992MNRAS.254..295C,
   author = {{Collins}, C.~A. and {Nichol}, R.~C. and {Lumsden}, S.~L.},
    title = "{The Edinburgh-Durham Southern Galaxy Catalogue. III - w(theta) from the full survey}",
  journal = {\mnras},
 keywords = {Astronomical Catalogs, Galactic Structure, Sky Surveys (Astronomy), Angular Correlation, Astronomical Models, Computational Astrophysics, Southern Sky},
     year = 1992,
    month = jan,
   volume = 254,
    pages = {295-300},
      doi = {10.1093/mnras/254.2.295},
   adsurl = {http://adsabs.harvard.edu/abs/1992MNRAS.254..295C},
  adsnote = {Provided by the SAO/NASA Astrophysics Data System}
}
@article{Szapudi:1997jp,
      author         = "Szapudi, Istvan and Gaztanaga, E.",
      title          = "{Comparison of the large scale clustering in the APM and
                        the EDSGC galaxy surveys}",
      journal        = "Mon. Not. Roy. Astron. Soc.",
      volume         = "300",
      year           = "1998",
      pages          = "493",
      doi            = "10.1046/j.1365-8711.1998.01917.x",
      eprint         = "astro-ph/9712256",
      archivePrefix  = "arXiv",
      primaryClass   = "astro-ph",
      SLACcitation   = "%%CITATION = ASTRO-PH/9712256;%%"
}
@article{Huterer:2000uj,
      author         = "Huterer, Dragan and Knox, Lloyd and Nichol, Robert C.",
      title          = "{The Angular power spectrum of EDSGC galaxies}",
      journal        = "Astrophys. J.",
      volume         = "555",
      year           = "2001",
      pages          = "547",
      doi            = "10.1086/323328",
      eprint         = "astro-ph/0011069",
      archivePrefix  = "arXiv",
      primaryClass   = "astro-ph",
      SLACcitation   = "%%CITATION = ASTRO-PH/0011069;%%"
}
%%% PSCZ
@article{Saunders:2000af,
      author         = "Saunders, Will and others",
      title          = "{The PSCz catalogue}",
      journal        = "Mon. Not. Roy. Astron. Soc.",
      volume         = "317",
      year           = "2000",
      pages          = "55",
      doi            = "10.1046/j.1365-8711.2000.03528.x",
      eprint         = "astro-ph/0001117",
      archivePrefix  = "arXiv",
      primaryClass   = "astro-ph",
      reportNumber   = "01-00",
      SLACcitation   = "%%CITATION = ASTRO-PH/0001117;%%"
}
@article{Hamilton:2000du,
      author         = "Hamilton, Andrew J. S. and Tegmark, Max",
      title          = "{The Real space power spectrum of the PSCz survey from
                        0.01 to 300 h Mpc**-1}",
      journal        = "Mon. Not. Roy. Astron. Soc.",
      volume         = "330",
      year           = "2002",
      pages          = "506",
      doi            = "10.1046/j.1365-8711.2002.05033.x",
      eprint         = "astro-ph/0008392",
      archivePrefix  = "arXiv",
      primaryClass   = "astro-ph",
      SLACcitation   = "%%CITATION = ASTRO-PH/0008392;%%"
}
%%% 2dF
@article{Cole:2005sx,
      author         = "Cole, Shaun and others",
      title          = "{The 2dF Galaxy Redshift Survey: Power-spectrum analysis
                        of the final dataset and cosmological implications}",
      collaboration  = "2dFGRS",
      journal        = "Mon. Not. Roy. Astron. Soc.",
      volume         = "362",
      year           = "2005",
      pages          = "505-534",
      doi            = "10.1111/j.1365-2966.2005.09318.x",
      eprint         = "astro-ph/0501174",
      archivePrefix  = "arXiv",
      primaryClass   = "astro-ph",
      SLACcitation   = "%%CITATION = ASTRO-PH/0501174;%%"
}

%%% SDSS
@article{Tegmark:2006az,
      author         = "Tegmark, Max and others",
      title          = "{Cosmological Constraints from the SDSS Luminous Red
                        Galaxies}",
      collaboration  = "SDSS",
      journal        = "Phys. Rev.",
      volume         = "D74",
      year           = "2006",
      pages          = "123507",
      doi            = "10.1103/PhysRevD.74.123507",
      eprint         = "astro-ph/0608632",
      archivePrefix  = "arXiv",
      primaryClass   = "astro-ph",
      reportNumber   = "FERMILAB-PUB-06-511-A-CD",
      SLACcitation   = "%%CITATION = ASTRO-PH/0608632;%%"
}

%%%%%%%%%%%%%%%%%%%%%%%%%%%%%%%%%%%%%
%%% Inflation
%%%%%%%%%%%%%%%%%%%%%%%%%%%%%%%%%%%%%
@article{Guth:1980zm,
      author         = "Guth, Alan H.",
      title          = "{The Inflationary Universe: A Possible Solution to the
                        Horizon and Flatness Problems}",
      journal        = "Phys. Rev.",
      volume         = "D23",
      year           = "1981",
      pages          = "347-356",
      doi            = "10.1103/PhysRevD.23.347",
      reportNumber   = "SLAC-PUB-2576",
      SLACcitation   = "%%CITATION = PHRVA,D23,347;%%"
}

@article{Albrecht:1982wi,
      author         = "Albrecht, Andreas and Steinhardt, Paul J.",
      title          = "{Cosmology for Grand Unified Theories with Radiatively
                        Induced Symmetry Breaking}",
      journal        = "Phys. Rev. Lett.",
      volume         = "48",
      year           = "1982",
      pages          = "1220-1223",
      doi            = "10.1103/PhysRevLett.48.1220",
      reportNumber   = "UPR-0185T",
      SLACcitation   = "%%CITATION = PRLTA,48,1220;%%"
}
@article{Linde:1981mu,
      author         = "Linde, Andrei D.",
      title          = "{A New Inflationary Universe Scenario: A Possible
                        Solution of the Horizon, Flatness, Homogeneity, Isotropy
                        and Primordial Monopole Problems}",
      booktitle      = "{Second Seminar on Quantum Gravity Moscow, USSR, October
                        13-15, 1981}",
      journal        = "Phys. Lett.",
      volume         = "B108",
      year           = "1982",
      pages          = "389-393",
      doi            = "10.1016/0370-2693(82)91219-9",
      reportNumber   = "LEBEDEV-81-229",
      SLACcitation   = "%%CITATION = PHLTA,B108,389;%%"
}

%%%%%%%%%%%%%%
%% WL history
%%%%%%%%%%%%%%
@article{Tyson:1990yt,
      author         = "Tyson, J. A. and Wenk, R. A. and Valdes, F.",
      title          = "{Detection of systematic gravitational lens galaxy image
                        alignments - Mapping dark matter in galaxy clusters}",
      journal        = "Astrophys. J.",
      volume         = "349",
      year           = "1990",
      pages          = "L1-L4",
      doi            = "10.1086/185636",
      SLACcitation   = "%%CITATION = ASJOA,349,L1;%%"
}
@ARTICLE{1991ApJ...380....1M,
   author = {{Miralda-Escude}, J.},
    title = "{The correlation function of galaxy ellipticities produced by gravitational lensing}",
  journal = {\apj},
 keywords = {Dark Matter, Elliptical Galaxies, Galactic Clusters, Gravitational Lenses, Space Density, Galactic Mass, Quasars, Statistical Correlation, Universe},
     year = 1991,
    month = oct,
   volume = 380,
    pages = {1-8},
      doi = {10.1086/170555},
   adsurl = {http://adsabs.harvard.edu/abs/1991ApJ...380....1M},
  adsnote = {Provided by the SAO/NASA Astrophysics Data System}
}

@article{Kaiser:1991qi,
      author         = "Kaiser, Nick",
      title          = "{Weak gravitational lensing of distant galaxies}",
      journal        = "Astrophys. J.",
      volume         = "388",
      year           = "1992",
      pages          = "272",
      doi            = "10.1086/171151",
      reportNumber   = "CITA-91-14",
      SLACcitation   = "%%CITATION = ASJOA,388,272;%%"
}

@article{Kaiser:1996tp,
      author         = "Kaiser, Nick",
      title          = "{Weak lensing and cosmology}",
      journal        = "Astrophys. J.",
      volume         = "498",
      year           = "1998",
      pages          = "26",
      doi            = "10.1086/305515",
      eprint         = "astro-ph/9610120",
      archivePrefix  = "arXiv",
      primaryClass   = "astro-ph",
      reportNumber   = "CITA-96-16",
      SLACcitation   = "%%CITATION = ASTRO-PH/9610120;%%"
}

@article{Kamionkowski:1997mp,
      author         = "Kamionkowski, Marc and Babul, Arif and Cress, Catherine
                        M. and Refregier, Alexandre",
      title          = "{Theory and statistics of weak lensing from large scale
                        mass inhomogeneities}",
      journal        = "Mon. Not. Roy. Astron. Soc.",
      volume         = "301",
      year           = "1998",
      pages          = "1064",
      doi            = "10.1046/j.1365-8711.1998.02054.x",
      eprint         = "astro-ph/9712030",
      archivePrefix  = "arXiv",
      primaryClass   = "astro-ph",
      reportNumber   = "CU-TP-848, CAL-639",
      SLACcitation   = "%%CITATION = ASTRO-PH/9712030;%%"
}
@article{Hui:1999ak,
      author         = "Hui, Lam",
      title          = "{Weighing the cosmological energy contents with weak
                        gravitational lensing}",
      journal        = "Astrophys. J.",
      volume         = "519",
      year           = "1999",
      pages          = "L9-12",
      doi            = "10.1086/312095",
      eprint         = "astro-ph/9902275",
      archivePrefix  = "arXiv",
      primaryClass   = "astro-ph",
      reportNumber   = "FERMILAB-PUB-99-026-A",
      SLACcitation   = "%%CITATION = ASTRO-PH/9902275;%%"
}
%% Next 4 are first detections
@article{Bacon:2000sy,
      author         = "Bacon, David J. and Refregier, Alexandre R. and Ellis,
                        Richard S.",
      title          = "{Detection of weak gravitational lensing by large-scale
                        structure}",
      journal        = "Mon. Not. Roy. Astron. Soc.",
      volume         = "318",
      year           = "2000",
      pages          = "625",
      doi            = "10.1046/j.1365-8711.2000.03851.x",
      eprint         = "astro-ph/0003008",
      archivePrefix  = "arXiv",
      primaryClass   = "astro-ph",
      SLACcitation   = "%%CITATION = ASTRO-PH/0003008;%%"
}
@article{Kaiser:2000if,
      author         = "Kaiser, Nick and Wilson, Gillian and Luppino, Gerard A.",
      title          = "{Large scale cosmic shear measurements}",
      year           = "2000",
      eprint         = "astro-ph/0003338",
      archivePrefix  = "arXiv",
      primaryClass   = "astro-ph",
      SLACcitation   = "%%CITATION = ASTRO-PH/0003338;%%"
}
@article{vanWaerbeke:2000rm,
      author         = "van Waerbeke, Ludovic and others",
      title          = "{Detection of correlated galaxy ellipticities on CFHT
                        data: First evidence for gravitational lensing by large
                        scale structures}",
      journal        = "Astron. Astrophys.",
      volume         = "358",
      year           = "2000",
      pages          = "30-44",
      eprint         = "astro-ph/0002500",
      archivePrefix  = "arXiv",
      primaryClass   = "astro-ph",
      SLACcitation   = "%%CITATION = ASTRO-PH/0002500;%%"
}
@article{Kirk:2015dpw,
      author         = "Kirk, D. and others",
      title          = "{Cross-correlation of gravitational lensing from DES
                        Science Verification data with SPT and Planck lensing}",
      collaboration  = "DES",
      journal        = "Mon. Not. Roy. Astron. Soc.",
      volume         = "459",
      year           = "2016",
      number         = "1",
      pages          = "21-34",
      doi            = "10.1093/mnras/stw570",
      eprint         = "1512.04535",
      archivePrefix  = "arXiv",
      primaryClass   = "astro-ph.CO",
      reportNumber   = "FERMILAB-PUB-15-586-E",
      SLACcitation   = "%%CITATION = ARXIV:1512.04535;%%"
}
@article{Giannantonio:2015ahz,
      author         = "Giannantonio, T. and others",
      title          = "{CMB lensing tomography with the DES Science Verification
                        galaxies}",
      collaboration  = "DES",
      journal        = "Mon. Not. Roy. Astron. Soc.",
      volume         = "456",
      year           = "2016",
      number         = "3",
      pages          = "3213-3244",
      doi            = "10.1093/mnras/stv2678",
      eprint         = "1507.05551",
      archivePrefix  = "arXiv",
      primaryClass   = "astro-ph.CO",
      reportNumber   = "DES-2015-0048, FERMILAB-PUB-15-308-AE",
      SLACcitation   = "%%CITATION = ARXIV:1507.05551;%%"
}
@article{Saro:2015lqu,
      author         = "Saro, A. and others",
      title          = "{Constraints on the richness–mass relation and the
                        optical-SZE positional offset distribution for
                        SZE-selected clusters}",
      collaboration  = "DES",
      journal        = "Mon. Not. Roy. Astron. Soc.",
      volume         = "454",
      year           = "2015",
      number         = "3",
      pages          = "2305-2319",
      doi            = "10.1093/mnras/stv2141",
      eprint         = "1506.07814",
      archivePrefix  = "arXiv",
      primaryClass   = "astro-ph.CO",
      reportNumber   = "FERMILAB-PUB-15-295-AE",
      SLACcitation   = "%%CITATION = ARXIV:1506.07814;%%"
}
@article{Hu:2001tn,
      author         = "Hu, Wayne",
      title          = "{Mapping the dark matter through the cmb damping tail}",
      journal        = "Astrophys. J.",
      volume         = "557",
      year           = "2001",
      pages          = "L79-L83",
      doi            = "10.1086/323253",
      eprint         = "astro-ph/0105424",
      archivePrefix  = "arXiv",
      primaryClass   = "astro-ph",
      SLACcitation   = "%%CITATION = ASTRO-PH/0105424;%%"
}
@article{Hirata:2002jy,
      author         = "Hirata, Christopher M. and Seljak, Uros",
      title          = "{Analyzing weak lensing of the cosmic microwave
                        background using the likelihood function}",
      journal        = "Phys. Rev.",
      volume         = "D67",
      year           = "2003",
      pages          = "043001",
      doi            = "10.1103/PhysRevD.67.043001",
      eprint         = "astro-ph/0209489",
      archivePrefix  = "arXiv",
      primaryClass   = "astro-ph",
      SLACcitation   = "%%CITATION = ASTRO-PH/0209489;%%"
}
@article{Draper:2011fg,
      author         = "Draper, Patrick and Dodelson, Scott and Hao, Jiangang and
                        Rozo, Eduardo",
      title          = "{The Sunyaev-Zeldovich Signal of the maxBCG SDSS Galaxy
                        Clusters in WMAP}",
      journal        = "Phys. Rev.",
      volume         = "D85",
      year           = "2012",
      pages          = "023005",
      doi            = "10.1103/PhysRevD.85.023005",
      eprint         = "1106.2185",
      archivePrefix  = "arXiv",
      primaryClass   = "astro-ph.CO",
      reportNumber   = "FERMILAB-PUB-11-280-A-T",
      SLACcitation   = "%%CITATION = ARXIV:1106.2185;%%"
}

@article{Baxter:2014frs,
      author         = "Baxter, E. J. and others",
      title          = "{A Measurement of Gravitational Lensing of the Cosmic
                        Microwave Background by Galaxy Clusters Using Data from
                        the South Pole Telescope}",
      journal        = "Astrophys. J.",
      volume         = "806",
      year           = "2015",
      number         = "2",
      pages          = "247",
      doi            = "10.1088/0004-637X/806/2/247",
      eprint         = "1412.7521",
      archivePrefix  = "arXiv",
      primaryClass   = "astro-ph.CO",
      reportNumber   = "FERMILAB-PUB-14-538-A",
      SLACcitation   = "%%CITATION = ARXIV:1412.7521;%%"
}
@article{Saro:2016mmu,
      author         = "Saro, A. and others",
      title          = "{Optical–SZE scaling relations for DES optically
                        selected clusters within the SPT-SZ Survey}",
      journal        = "Mon. Not. Roy. Astron. Soc.",
      volume         = "468",
      year           = "2017",
      number         = "3",
      pages          = "3347-3360",
      doi            = "10.1093/mnras/stx594",
      eprint         = "1605.08770",
      archivePrefix  = "arXiv",
      primaryClass   = "astro-ph.CO",
      reportNumber   = "DES-2014-0015, FERMILAB-PUB-16-132-E,
                        DES-2014-0015-FERMILAB-PUB-16-132-E",
      SLACcitation   = "%%CITATION = ARXIV:1605.08770;%%"
}
@article{Dodelson:2014exa,
      author         = "Dodelson, Scott",
      title          = "{How much can we learn about the physics of inflation?}",
      journal        = "Phys. Rev. Lett.",
      volume         = "112",
      year           = "2014",
      pages          = "191301",
      doi            = "10.1103/PhysRevLett.112.191301",
      eprint         = "1403.6310",
      archivePrefix  = "arXiv",
      primaryClass   = "astro-ph.CO",
      reportNumber   = "FERMILAB-PUB-14-058-A",
      SLACcitation   = "%%CITATION = ARXIV:1403.6310;%%"
}
@article{Dodelson:2014tga,
      author         = "Dodelson, Scott and Lykken, Joseph",
      title          = "{Complementarity of Neutrinoless Double Beta Decay and
                        Cosmology}",
      year           = "2014",
      eprint         = "1403.5173",
      archivePrefix  = "arXiv",
      primaryClass   = "astro-ph.CO",
      reportNumber   = "FERMILAB-PUB-14-065-A-T",
      SLACcitation   = "%%CITATION = ARXIV:1403.5173;%%"
}
@article{Wittman:2000tc,
      author         = "Wittman, David M. and Tyson, J. Anthony and Kirkman,
                        David and Dell'Antonio, Ian and Bernstein, Gary",
      title          = "{Detection of weak gravitational lensing distortions of
                        distant galaxies by cosmic dark matter at large scales}",
      journal        = "Nature",
      volume         = "405",
      year           = "2000",
      pages          = "143-149",
      doi            = "10.1038/35012001",
      eprint         = "astro-ph/0003014",
      archivePrefix  = "arXiv",
      primaryClass   = "astro-ph",
      SLACcitation   = "%%CITATION = ASTRO-PH/0003014;%%"
}
% WL results since the first detections
@article{Jarvis:2005ck,
      author         = "Jarvis, Mike and Jain, Bhuvnesh and Bernstein, Gary and
                        Dolney, Derek",
      title          = "{Dark energy constraints from the CTIO Lensing Survey}",
      journal        = "Astrophys. J.",
      volume         = "644",
      year           = "2006",
      pages          = "71-79",
      doi            = "10.1086/503418",
      eprint         = "astro-ph/0502243",
      archivePrefix  = "arXiv",
      primaryClass   = "astro-ph",
      SLACcitation   = "%%CITATION = ASTRO-PH/0502243;%%"
}
@article{Massey:2007gh,
      author         = "Massey, Richard and others",
      title          = "{COSMOS: 3D weak lensing and the growth of structure}",
      journal        = "Astrophys. J. Suppl.",
      volume         = "172",
      year           = "2007",
      pages          = "239-253",
      doi            = "10.1086/516599",
      eprint         = "astro-ph/0701480",
      archivePrefix  = "arXiv",
      primaryClass   = "astro-ph",
      SLACcitation   = "%%CITATION = ASTRO-PH/0701480;%%"
}
@article{Schrabback:2009ba,
      author         = "Schrabback, Tim and others",
      title          = "{Evidence for the accelerated expansion of the Universe
                        from weak lensing tomography with COSMOS}",
      journal        = "Astron. Astrophys.",
      volume         = "516",
      year           = "2010",
      pages          = "A63",
      doi            = "10.1051/0004-6361/200913577",
      eprint         = "0911.0053",
      archivePrefix  = "arXiv",
      primaryClass   = "astro-ph.CO",
      SLACcitation   = "%%CITATION = ARXIV:0911.0053;%%"
}
@article{Lin:2011bc,
      author         = "Lin, Huan and Dodelson, Scott and Seo, Hee-Jong and
                        Soares-Santos, Marcelle and Annis, James and Hao, Jiangang
                        and Johnston, David and Kubo, Jeffrey M. and Reis, Ribamar
                        R. R. and Simet, Melanie",
      title          = "{The SDSS Coadd: Cosmic Shear Measurement}",
      collaboration  = "SDSS",
      journal        = "Astrophys. J.",
      volume         = "761",
      year           = "2012",
      pages          = "15",
      doi            = "10.1088/0004-637X/761/1/15",
      eprint         = "1111.6622",
      archivePrefix  = "arXiv",
      primaryClass   = "astro-ph.CO",
      reportNumber   = "FERMILAB-PUB-11-630-A-AE-CD-PPD",
      SLACcitation   = "%%CITATION = ARXIV:1111.6622;%%"
}
@article{Heymans:2013fya,
      author         = "Heymans, Catherine and others",
      title          = "{CFHTLenS tomographic weak lensing cosmological parameter
                        constraints: Mitigating the impact of intrinsic galaxy
                        alignments}",
      journal        = "Mon. Not. Roy. Astron. Soc.",
      volume         = "432",
      year           = "2013",
      pages          = "2433",
      doi            = "10.1093/mnras/stt601",
      eprint         = "1303.1808",
      archivePrefix  = "arXiv",
      primaryClass   = "astro-ph.CO",
      SLACcitation   = "%%CITATION = ARXIV:1303.1808;%%"
}
@article{Eifler:2014iva,
      author         = "Eifler, Tim and Krause, Elisabeth and Dodelson, Scott and
                        Zentner, Andrew and Hearin, Andrew and Gnedin, Nickolay",
      title          = "{Accounting for baryonic effects in cosmic shear
                        tomography: Determining a minimal set of nuisance
                        parameters using PCA}",
      journal        = "Mon. Not. Roy. Astron. Soc.",
      volume         = "454",
      year           = "2015",
      number         = "3",
      pages          = "2451-2471",
      doi            = "10.1093/mnras/stv2000",
      eprint         = "1405.7423",
      archivePrefix  = "arXiv",
      primaryClass   = "astro-ph.CO",
      reportNumber   = "FERMILAB-PUB-14-170-A",
      SLACcitation   = "%%CITATION = ARXIV:1405.7423;%%"
}
@article{Poh:2016rfa,
      author         = "Poh, Jason and Dodelson, Scott",
      title          = "{Line-of-Sight Extrapolation Noise in Dust Polarization}",
      journal        = "Phys. Rev.",
      volume         = "D95",
      year           = "2017",
      number         = "10",
      pages          = "103511",
      doi            = "10.1103/PhysRevD.95.103511",
      eprint         = "1606.08922",
      archivePrefix  = "arXiv",
      primaryClass   = "astro-ph.CO",
      reportNumber   = "FERMILAB-PUB-16-263-A",
      SLACcitation   = "%%CITATION = ARXIV:1606.08922;%%"
}
@article{Banik:2016yqm,
      author         = "Banik, Nilanjan and Widrow, Lawrence M. and Dodelson,
                        Scott",
      title          = "{Galactoseismology and the Local Density of Dark Matter}",
      journal        = "Mon. Not. Roy. Astron. Soc.",
      volume         = "464",
      year           = "2017",
      number         = "4",
      pages          = "3775-3783",
      doi            = "10.1093/mnras/stw2603",
      eprint         = "1608.03338",
      archivePrefix  = "arXiv",
      primaryClass   = "astro-ph.GA",
      reportNumber   = "FERMILAB-PUB-16-315-A-AE-PPD-T",
      SLACcitation   = "%%CITATION = ARXIV:1608.03338;%%"
}
@article{Passaglia:2017lnq,
      author         = "Passaglia, Samuel and Manzotti, Alessandro and Dodelson,
                        Scott",
      title          = "{Cross-correlating 2D and 3D galaxy surveys}",
      journal        = "Phys. Rev.",
      volume         = "D95",
      year           = "2017",
      number         = "12",
      pages          = "123508",
      doi            = "10.1103/PhysRevD.95.123508",
      eprint         = "1702.03004",
      archivePrefix  = "arXiv",
      primaryClass   = "astro-ph.CO",
      reportNumber   = "FERMILAB-PUB-17-060-A",
      SLACcitation   = "%%CITATION = ARXIV:1702.03004;%%"
}
@article{Ross:2017emc,
      author         = "Ross, Ashley J. and others",
      title          = "{Optimized Clustering Estimators for BAO Measurements
                        Accounting for Significant Redshift Uncertainty}",
      journal        = "Submitted to: Mon. Not. Roy. Astron. Soc.",
      year           = "2017",
      eprint         = "1705.05442",
      archivePrefix  = "arXiv",
      primaryClass   = "astro-ph.CO",
      reportNumber   = "FERMILAB-PUB-17-162-A-AE, IFT-UAM-CSIC-17-044",
      SLACcitation   = "%%CITATION = ARXIV:1705.05442;%%"
}

@article{Huff:2011aa,
      author         = "Huff, Eric M. and Eifler, Tim and Hirata, Christopher M.
                        and Mandelbaum, Rachel and Schlegel, David and Seljak,
                        Uros",
      title          = "{Seeing in the dark. 2. Cosmic shear in the Sloan Digital
                        Sky Survey}",
      journal        = "Mon. Not. Roy. Astron. Soc.",
      volume         = "440",
      year           = "2014",
      number         = "2",
      pages          = "1322-1344",
      doi            = "10.1093/mnras/stu145",
      eprint         = "1112.3143",
      archivePrefix  = "arXiv",
      primaryClass   = "astro-ph.CO",
      SLACcitation   = "%%CITATION = ARXIV:1112.3143;%%"
}
@article{Huff:2017qxu,
      author         = "Huff, Eric and Mandelbaum, Rachel",
      title          = "{Metacalibration: Direct Self-Calibration of Biases in
                        Shear Measurement}",
      year           = "2017",
      eprint         = "1702.02600",
      archivePrefix  = "arXiv",
      primaryClass   = "astro-ph.CO",
      SLACcitation   = "%%CITATION = ARXIV:1702.02600;%%"
}
@article{Sheldon:2017szh,
      author         = "Sheldon, Erin S. and Huff, Eric M.",
      title          = "{Practical Weak Lensing Shear Measurement with
                        Metacalibration}",
      journal        = "Astrophys. J.",
      volume         = "841",
      year           = "2017",
      number         = "1",
      pages          = "24",
      doi            = "10.3847/1538-4357/aa704b",
      eprint         = "1702.02601",
      archivePrefix  = "arXiv",
      primaryClass   = "astro-ph.CO",
      SLACcitation   = "%%CITATION = ARXIV:1702.02601;%%"
}

@article{Jee:2015jta,
      author         = "Jee, M. James and Tyson, J. Anthony and Hilbert, Stefan
                        and Schneider, Michael D. and Schmidt, Samuel and Wittman,
                        David",
      title          = "{Cosmic Shear Results from the Deep Lens Survey - II:
                        Full Cosmological Parameter Constraints from Tomography}",
      journal        = "Astrophys. J.",
      volume         = "824",
      year           = "2016",
      number         = "2",
      pages          = "77",
      doi            = "10.3847/0004-637X/824/2/77",
      eprint         = "1510.03962",
      archivePrefix  = "arXiv",
      primaryClass   = "astro-ph.CO",
      SLACcitation   = "%%CITATION = ARXIV:1510.03962;%%"
}
%% WL reviews
@article{Bartelmann:1999yn,
      author         = "Bartelmann, Matthias and Schneider, Peter",
      title          = "{Weak gravitational lensing}",
      journal        = "Phys. Rept.",
      volume         = "340",
      year           = "2001",
      pages          = "291-472",
      doi            = "10.1016/S0370-1573(00)00082-X",
      eprint         = "astro-ph/9912508",
      archivePrefix  = "arXiv",
      primaryClass   = "astro-ph",
      SLACcitation   = "%%CITATION = ASTRO-PH/9912508;%%"
}

@article{Refregier:2003ct,
      author         = "Refregier, Alexandre",
      title          = "{Weak gravitational lensing by large scale structure}",
      journal        = "Ann. Rev. Astron. Astrophys.",
      volume         = "41",
      year           = "2003",
      pages          = "645-668",
      doi            = "10.1146/annurev.astro.41.111302.102207",
      eprint         = "astro-ph/0307212",
      archivePrefix  = "arXiv",
      primaryClass   = "astro-ph",
      SLACcitation   = "%%CITATION = ASTRO-PH/0307212;%%"
}

@article{Hoekstra:2008db,
      author         = "Hoekstra, Henk and Jain, Bhuvnesh",
      title          = "{Weak Gravitational Lensing and its Cosmological
                        Applications}",
      journal        = "Ann. Rev. Nucl. Part. Sci.",
      volume         = "58",
      year           = "2008",
      pages          = "99-123",
      doi            = "10.1146/annurev.nucl.58.110707.171151",
      eprint         = "0805.0139",
      archivePrefix  = "arXiv",
      primaryClass   = "astro-ph",
      SLACcitation   = "%%CITATION = ARXIV:0805.0139;%%"
}
%%%%%%%%%%%%%%%%%%%%%%%%%%%%%%%%%%%%%%%%%%%%%%%%%%
%% galaxy-galaxy lensing
%%%%%%%%%%%%%%%%%%%%%%%%%%%%%%%%%%%%%%%%%%%%%%%%%%
@article{Brainerd:1995da,
      author         = "Brainerd, Tereasa G. and Blandford, Roger D. and Smail,
                        Ian",
      title          = "{Measuring galaxy masses using galaxy - galaxy
                        gravitational lensing}",
      journal        = "Astrophys. J.",
      volume         = "466",
      year           = "1996",
      pages          = "623",
      doi            = "10.1086/177537",
      eprint         = "astro-ph/9503073",
      archivePrefix  = "arXiv",
      primaryClass   = "astro-ph",
      reportNumber   = "LANL-TGB-9501",
      SLACcitation   = "%%CITATION = ASTRO-PH/9503073;%%"
}
@article{Fischer:1999zx,
      author         = "Fischer, Philippe and others",
      title          = "{Weak lensing with SDSS commissioning data: The Galaxy
                        mass correlation function to $1h^{-1}$ Mpc}",
      collaboration  = "SDSS",
      journal        = "Astron. J.",
      volume         = "120",
      year           = "2000",
      pages          = "1198-1208",
      doi            = "10.1086/301540",
      eprint         = "astro-ph/9912119",
      archivePrefix  = "arXiv",
      primaryClass   = "astro-ph",
      reportNumber   = "FERMILAB-PUB-00-264-A",
      SLACcitation   = "%%CITATION = ASTRO-PH/9912119;%%"
}

@article{Sheldon:2003xj,
      author         = "Sheldon, Erin S. and others",
      title          = "{The Galaxy - mass correlation function measured from
                        weak lensing in the SDSS}",
      collaboration  = "SDSS",
      journal        = "Astron. J.",
      volume         = "127",
      year           = "2004",
      pages          = "2544-2564",
      doi            = "10.1086/383293",
      eprint         = "astro-ph/0312036",
      archivePrefix  = "arXiv",
      primaryClass   = "astro-ph",
      reportNumber   = "FERMILAB-PUB-03-425-A",
      SLACcitation   = "%%CITATION = ASTRO-PH/0312036;%%"
}
@article{Mandelbaum:2005nx,
      author         = "Mandelbaum, Rachel and Seljak, Uros and Kauffmann,
                        Guinevere and Hirata, Christopher M. and Brinkmann,
                        Jonathan",
      title          = "{Galaxy halo masses and satellite fractions from
                        galaxy-galaxy lensing in the sdss: stellar mass,
                        luminosity, morphology, and environment dependencies}",
      journal        = "Mon. Not. Roy. Astron. Soc.",
      volume         = "368",
      year           = "2006",
      pages          = "715",
      doi            = "10.1111/j.1365-2966.2006.10156.x",
      eprint         = "astro-ph/0511164",
      archivePrefix  = "arXiv",
      primaryClass   = "astro-ph",
      SLACcitation   = "%%CITATION = ASTRO-PH/0511164;%%"
}

@article{Johnston:2007uc,
      author         = "Johnston, David E. and Sheldon, Erin S. and Wechsler,
                        Risa H. and Rozo, Eduardo and Koester, Benjamin P. and
                        Frieman, Joshua A. and McKay, Timothy A. and Evrard,
                        August E. and Becker, Matthew R. and Annis, James",
      title          = "{Cross-correlation Weak Lensing of SDSS galaxy Clusters
                        II: Cluster Density Profiles and the Mass--Richness
                        Relation}",
      collaboration  = "SDSS",
      year           = "2007",
      eprint         = "0709.1159",
      archivePrefix  = "arXiv",
      primaryClass   = "astro-ph",
      reportNumber   = "FERMILAB-PUB-07-720-A, SLAC-PUB-12813",
      SLACcitation   = "%%CITATION = ARXIV:0709.1159;%%"
}
@article{Cacciato:2008hm,
      author         = "Cacciato, Marcello and Bosch, Frank C. van den and More,
                        Surhud and Li, Ran and Mo, H. J. and Yang, Xiaohu",
      title          = "{Galaxy Clustering \& Galaxy-Galaxy Lensing: A Promising
                        Union to Constrain Cosmological Parameters}",
      journal        = "Mon. Not. Roy. Astron. Soc.",
      volume         = "394",
      year           = "2009",
      pages          = "929-946",
      doi            = "10.1111/j.1365-2966.2008.14362.x",
      eprint         = "0807.4932",
      archivePrefix  = "arXiv",
      primaryClass   = "astro-ph",
      SLACcitation   = "%%CITATION = ARXIV:0807.4932;%%"
}
@article{Leauthaud:2011rj,
      author         = "Leauthaud, Alexie and others",
      title          = "{New constraints on the evolution of the stellar-to-dark
                        matter connection: a combined analysis of galaxy-galaxy
                        lensing, clustering, and stellar mass functions from z=0.2
                        to z=1}",
      journal        = "Astrophys. J.",
      volume         = "744",
      year           = "2012",
      pages          = "159",
      doi            = "10.1088/0004-637X/744/2/159",
      eprint         = "1104.0928",
      archivePrefix  = "arXiv",
      primaryClass   = "astro-ph.CO",
      SLACcitation   = "%%CITATION = ARXIV:1104.0928;%%"
}

@article{Mandelbaum:2012ay,
      author         = "Mandelbaum, Rachel and Slosar, Anze and Baldauf, Tobias
                        and Seljak, Uros and Hirata, Christopher M. and Nakajima,
                        Reiko and Reyes, Reinabelle and Smith, Robert E.",
      title          = "{Cosmological parameter constraints from galaxy-galaxy
                        lensing and galaxy clustering with the SDSS DR7}",
      journal        = "Mon. Not. Roy. Astron. Soc.",
      volume         = "432",
      year           = "2013",
      pages          = "1544",
      doi            = "10.1093/mnras/stt572",
      eprint         = "1207.1120",
      archivePrefix  = "arXiv",
      primaryClass   = "astro-ph.CO",
      SLACcitation   = "%%CITATION = ARXIV:1207.1120;%%"
}
@article{Choi:2012kf,
      author         = "Choi, Ami and Tyson, J. Anthony and Morrison, Chris B.
                        and Jee, M. James and Schmidt, Samuel J. and Margoniner,
                        Vera E. and Wittman, David M.",
      title          = "{Galaxy-Mass Correlations on 10 Mpc Scales in the Deep
                        Lens Survey}",
      journal        = "Astrophys. J.",
      volume         = "759",
      year           = "2012",
      pages          = "101",
      doi            = "10.1088/0004-637X/759/2/101",
      eprint         = "1208.3904",
      archivePrefix  = "arXiv",
      primaryClass   = "astro-ph.CO",
      SLACcitation   = "%%CITATION = ARXIV:1208.3904;%%"
}
@article{Velander:2013jga,
      author         = "Velander, Malin and others",
      title          = "{CFHTLenS: The relation between galaxy dark matter haloes
                        and baryons from weak gravitational lensing}",
      journal        = "Mon. Not. Roy. Astron. Soc.",
      volume         = "437",
      year           = "2014",
      number         = "3",
      pages          = "2111-2136",
      doi            = "10.1093/mnras/stt2013",
      eprint         = "1304.4265",
      archivePrefix  = "arXiv",
      primaryClass   = "astro-ph.CO",
      SLACcitation   = "%%CITATION = ARXIV:1304.4265;%%"
}

@article{Leauthaud:2016jdb,
      author         = "Leauthaud, Alexie and others",
      title          = "{Lensing is Low: Cosmology, Galaxy Formation, or New
                        Physics?}",
      journal        = "Mon. Not. Roy. Astron. Soc.",
      volume         = "467",
      year           = "2017",
      pages          = "3024",
      doi            = "10.1093/mnras/stx258",
      eprint         = "1611.08606",
      archivePrefix  = "arXiv",
      primaryClass   = "astro-ph.CO",
      SLACcitation   = "%%CITATION = ARXIV:1611.08606;%%"
}
%%%%%%%%%%%%%%%%%%%%%%%%%%%%%%%%%%%%%%%%%%%%%%%%%%
%% Statistics
%%%%%%%%%%%%%%%%%%%%%%%%%%%%%%%%%%%%%%%%%%%%%%%%%%
@article{Slosar:2002dc,
      author         = "Slosar, Anze and others",
      title          = "{Cosmological parameter estimation and Bayesian model
                        comparison using VSA data}",
      journal        = "Mon. Not. Roy. Astron. Soc.",
      volume         = "341",
      year           = "2003",
      pages          = "L29",
      doi            = "10.1046/j.1365-8711.2003.06564.x",
      eprint         = "astro-ph/0212497",
      archivePrefix  = "arXiv",
      primaryClass   = "astro-ph",
      SLACcitation   = "%%CITATION = ASTRO-PH/0212497;%%"
}
%% DESDM paper (really for Y3...)                  
@article{desdm,
	author = "Morganson, Eric  and others",
	title = "{The Dark Energy Survey Science Pipeline}",
	year = "2017",
	journal = "in preparation",
}

@article{Jarvis:2003wq,
      author         = "Jarvis, Micael and Bernstein, G. and Jain, B.",
      title          = "{The skewness of the aperture mass statistic}",
      journal        = "Mon. Not. Roy. Astron. Soc.",
      volume         = "352",
      year           = "2004",
      pages          = "338-352",
      doi            = "10.1111/j.1365-2966.2004.07926.x",
      eprint         = "astro-ph/0307393",
      archivePrefix  = "arXiv",
      primaryClass   = "astro-ph",
      SLACcitation   = "%%CITATION = ASTRO-PH/0307393;%%"
}
@INPROCEEDINGS{Mohr:2008,
   author = {{Mohr}, J.~J. and others},
collaboration = "{DES Collaboration}",
    title = "{The Dark Energy Survey data management system}",
booktitle = {Society of Photo-Optical Instrumentation Engineers (SPIE) Conference Series},
     year = 2008,
   series = {Society of Photo-Optical Instrumentation Engineers (SPIE) Conference Series},
   volume = 7016,
archivePrefix = "arXiv",
   eprint = {0807.2515},
    month = jul,
      eid = {70160L},
    pages = {0},
      doi = {10.1117/12.789550},
   adsurl = {http://adsabs.harvard.edu/abs/2008SPIE.7016E..0LM},
  adsnote = {Provided by the SAO/NASA Astrophysics Data System}
}
@INPROCEEDINGS{Desai:2012,
   author = {{Desai}, S. and others},
    title = "{The Blanco Cosmology Survey: Data Acquisition, Processing, Calibration, Quality Diagnostics, and Data Release}",
  journal = {\apj},
archivePrefix = "arXiv",
   eprint = {1204.1210},
 primaryClass = "astro-ph.CO",
 keywords = {cosmology: observations, galaxies: clusters: general, methods: data analysis, surveys, techniques: image processing},
     year = 2012,
    month = sep,
   volume = 757,
      eid = {83},
    pages = {83},
      doi = {10.1088/0004-637X/757/1/83},
   adsurl = {http://adsabs.harvard.edu/abs/2012ApJ...757...83D},
  adsnote = {Provided by the SAO/NASA Astrophysics Data System}
}

@INPROCEEDINGS{Sevilla:2011,
   author = {{Sevilla}, I. and others},
collaboration = "DES Collaboration",
    title = "{The Dark Energy Survey Data Management System}",
   series = {Proceedings of the DPF-2011 Conference},
booktitle = {Proceedings of the DPF-2011 Conference},
archivePrefix = "arXiv",
   eprint = {1109.6741},
 primaryClass = "astro-ph.IM",
 keywords = {Astrophysics - Instrumentation and Methods for Astrophysics},
     year = 2011,
    month = sep,
   adsurl = {http://adsabs.harvard.edu/abs/2011arXiv1109.6741S},
  adsnote = {Provided by the SAO/NASA Astrophysics Data System}
}

%%%%%%%%%%%%%%%%%%%%%%%%%%%%%%%%%%%%%%%%%%%%
%% early combining (gg, gamma-gamma) papers
%%%%%%%%%%%%%%%%%%%%%%%%%%%%%%%%%%%%%%%%%%%%
@article{Hu:2003pt,
      author         = "Hu, Wayne and Jain, Bhuvnesh",
      title          = "{Joint galaxy - lensing observables and the dark energy}",
      journal        = "Phys. Rev.",
      volume         = "D70",
      year           = "2004",
      pages          = "043009",
      doi            = "10.1103/PhysRevD.70.043009",
      eprint         = "astro-ph/0312395",
      archivePrefix  = "arXiv",
      primaryClass   = "astro-ph",
      SLACcitation   = "%%CITATION = ASTRO-PH/0312395;%%"
}

@article{Bernstein:2008aq,
      author         = "Bernstein, Gary M.",
      title          = "{Comprehensive Two-Point Analyses of Weak Gravitational
                        Lensing Surveys}",
      journal        = "Astrophys. J.",
      volume         = "695",
      year           = "2009",
      pages          = "652-665",
      doi            = "10.1088/0004-637X/695/1/652",
      eprint         = "0808.3400",
      archivePrefix  = "arXiv",
      primaryClass   = "astro-ph",
      SLACcitation   = "%%CITATION = ARXIV:0808.3400;%%"
}

@article{Joachimi:2009ez,
      author         = "Joachimi, B. and Bridle, S. L.",
      title          = "{Simultaneous measurement of cosmology and intrinsic
                        alignments using joint cosmic shear and galaxy number
                        density correlations}",
      journal        = "Astron. Astrophys.",
      volume         = "523",
      year           = "2010",
      pages          = "A1",
      doi            = "10.1051/0004-6361/200913657",
      eprint         = "0911.2454",
      archivePrefix  = "arXiv",
      primaryClass   = "astro-ph.CO",
      SLACcitation   = "%%CITATION = ARXIV:0911.2454;%%"
}

@article{Zhang:2009nc,
      author         = "Zhang, Pengjie and Pen, Ue-Li and Bernstein, Gary",
      title          = "{Self calibration of photometric redshift scatter in weak
                        lensing surveys}",
      journal        = "Mon. Not. Roy. Astron. Soc.",
      volume         = "405",
      year           = "2010",
      pages          = "359",
      doi            = "10.1111/j.1365-2966.2010.16445.x",
      eprint         = "0910.4181",
      archivePrefix  = "arXiv",
      primaryClass   = "astro-ph.CO",
      SLACcitation   = "%%CITATION = ARXIV:0910.4181;%%"
}

@article{Samuroff:2016yqp,
      author         = "Samuroff, S and Troxel, MA and Bridle, SL and Zuntz, J
                        and MacCrann, N and Krause, E and Eifler, T and Kirk, D",
      title          = "{Simultaneous Constraints on Cosmology and Photometric
                        Redshift Bias from Weak Lensing and Galaxy Clustering}",
      journal        = "Mon. Not. Roy. Astron. Soc.",
      volume         = "465",
      year           = "2017",
      number         = "1",
      pages          = "L20-L24",
      doi            = "10.1093/mnrasl/slw201",
      eprint         = "1607.07910",
      archivePrefix  = "arXiv",
      primaryClass   = "astro-ph.CO",
      SLACcitation   = "%%CITATION = ARXIV:1607.07910;%%"
}
@article{Park:2015sxj,
      author         = "Park, Y. and others",
      title          = "{Joint analysis of galaxy-galaxy lensing and galaxy
                        clustering: Methodology and forecasts for Dark Energy
                        Survey}",
      collaboration  = "{DES Collaboration}",
      journal        = "Phys. Rev.",
      volume         = "D94",
      year           = "2016",
      number         = "6",
      pages          = "063533",
      doi            = "10.1103/PhysRevD.94.063533",
      eprint         = "1507.05353",
      archivePrefix  = "arXiv",
      primaryClass   = "astro-ph.CO",
      reportNumber   = "FERMILAB-PUB-15-311-A",
      SLACcitation   = "%%CITATION = ARXIV:1507.05353;%%"
}

@article{Zhang:2008pw,
      author         = "Zhang, Pengjie",
      title          = "{Self calibration of gravitational shear-galaxy intrinsic
                        ellipticity correlation in weak lensing surveys}",
      journal        = "Astrophys. J.",
      volume         = "720",
      year           = "2010",
      pages          = "1090",
      doi            = "10.1088/0004-637X/720/2/1090",
      eprint         = "0811.0613",
      archivePrefix  = "arXiv",
      primaryClass   = "astro-ph",
      SLACcitation   = "%%CITATION = ARXIV:0811.0613;%%"
}
@article{Huterer:2005ez,
      author         = "Huterer, Dragan and Takada, Masahiro and Bernstein, Gary
                        and Jain, Bhuvnesh",
      title          = "{Systematic errors in future weak lensing surveys:
                        Requirements and prospects for self-calibration}",
      journal        = "Mon. Not. Roy. Astron. Soc.",
      volume         = "366",
      year           = "2006",
      pages          = "101-114",
      doi            = "10.1111/j.1365-2966.2005.09782.x",
      eprint         = "astro-ph/0506030",
      archivePrefix  = "arXiv",
      primaryClass   = "astro-ph",
      SLACcitation   = "%%CITATION = ASTRO-PH/0506030;%%"
}

@article{Lahav:2014vza,
      author         = "Lahav, Ofer and Liddle, Andrew R",
      title          = "{The Cosmological Parameters 2014}",
      year           = "2014",
      eprint         = "1401.1389",
      archivePrefix  = "arXiv",
      primaryClass   = "astro-ph.CO",
      SLACcitation   = "%%CITATION = ARXIV:1401.1389;%%"
}

@article{Mortonson:2013zfa,
      author         = "Mortonson, Michael J. and Weinberg, David H. and White,
                        Martin",
      title          = "{Dark Energy: A Short Review}",
      year           = "2013",
      eprint         = "1401.0046",
      archivePrefix  = "arXiv",
      primaryClass   = "astro-ph.CO",
      SLACcitation   = "%%CITATION = ARXIV:1401.0046;%%"
}

@article{Frieman:2008sn,
      author         = "Frieman, Joshua and Turner, Michael and Huterer, Dragan",
      title          = "{Dark Energy and the Accelerating Universe}",
      journal        = "Ann. Rev. Astron. Astrophys.",
      volume         = "46",
      year           = "2008",
      pages          = "385-432",
      doi            = "10.1146/annurev.astro.46.060407.145243",
      eprint         = "0803.0982",
      archivePrefix  = "arXiv",
      primaryClass   = "astro-ph",
      reportNumber   = "FERMILAB-PUB-08-613-A",
      SLACcitation   = "%%CITATION = ARXIV:0803.0982;%%"
}
%%%%%%%%%%%%%%%%%%%%%%%%%%%%%%%%%%%%%%%%%%
%% original sn detections of acceleration
%%%%%%%%%%%%%%%%%%%%%%%%%%%%%%%%%%%%%%%%%%%

@ARTICLE{perlmutter99,
     author    = "Perlmutter, S. and others",
 collaboration = "Supernova Cosmology Project",
     title     = "{Measurements of Omega and Lambda from 42 High-Redshift
                  Supernovae}",
     journal   = "Astrophys. J.",
     volume    = "517",
     year      = "1999",
     pages     = "565-586",
     eprint    = "astro-ph/9812133",
     archivePrefix = "arXiv",
     SLACcitation  = "%%CITATION = ASTRO-PH/9812133;%%"
}


@ARTICLE{riess98,
   author = {{Riess}, A.~G. and others},
    title = "{Observational Evidence from Supernovae for an Accelerating Universe and a Cosmological Constant}",
  journal = {\aj},
   eprint = {arXiv:astro-ph/9805201},
     year = 1998,
    month = sep,
   volume = 116,
    pages = {1009-1038},
   adsurl = {http://adsabs.harvard.edu/abs/1998AJ....116.1009R},
  adsnote = {Provided by the Smithsonian/NASA Astrophysics Data System}
}

%%%%%%%%%%%%%%%%%%%%
%%Bayes factor refs
%%%%%%%%%%%%%%%%%%%%

@book{jeffreys61,
  added-at = {2008-09-16T23:39:07.000+0200},
  address = {Oxford, England},
  author = {Jeffreys, H.},
  biburl = {http://www.bibsonomy.org/bibtex/2dae77f8e173ba6a97ef0faed210d0416/brian.mingus},
  booktitle = {Theory of Probability},
  description = {CCNLab BibTeX},
  edition = {Third},
  interhash = {0c7cdd766ea31bac344cc9e7caacadf0},
  intrahash = {dae77f8e173ba6a97ef0faed210d0416},
  keywords = {stats},
  publisher = {Oxford},
  timestamp = {2008-09-16T23:40:20.000+0200},
  title = {Theory of Probability},
  year = 1961
}

@article{kassraftery95,
author = { Robert E.   Kass  and  Adrian E.   Raftery },
title = {Bayes Factors},
journal = {Journal of the American Statistical Association},
volume = {90},
number = {430},
pages = {773-795},
year = {1995},
doi = {10.1080/01621459.1995.10476572},
}
@ARTICLE{marshall06,
   author = {{Marshall}, P. and {Rajguru}, N. and {Slosar}, A.},
    title = "{Bayesian evidence as a tool for comparing datasets}",
  journal = {\prd},
   eprint = {astro-ph/0412535},
 keywords = {Particle-theory and field-theory models of the early Universe},
     year = 2006,
    month = mar,
   volume = 73,
   number = 6,
      eid = {067302},
    pages = {067302},
      doi = {10.1103/PhysRevD.73.067302},
   adsurl = {http://adsabs.harvard.edu/abs/2006PhRvD..73f7302M},
  adsnote = {Provided by the SAO/NASA Astrophysics Data System}
}
@ARTICLE{Fukuda:1998,
   author = {{Fukuda}, Y. and others},
    title = "{Evidence for Oscillation of Atmospheric Neutrinos}",
  journal = {Physical Review Letters},
   eprint = {hep-ex/9807003},
     year = 1998,
    month = aug,
   volume = 81,
    pages = {1562-1567},
      doi = {10.1103/PhysRevLett.81.1562},
   adsurl = {http://adsabs.harvard.edu/abs/1998PhRvL..81.1562F},
  adsnote = {Provided by the SAO/NASA Astrophysics Data System}
}

@article{pdg,
      author         = "Patrignani, C. and others",
      title          = "{Review of Particle Physics}",
      collaboration  = "Particle Data Group",
      journal        = "Chin. Phys.",
      volume         = "C40",
      year           = "2016",
      number         = "10",
      pages          = "100001",
      doi            = "10.1088/1674-1137/40/10/100001",
      SLACcitation   = "%%CITATION = CHPHD,C40,100001;%%"
}

%%% Cluster cosmology




@article{Allen:2011zs,
      author         = "Allen, Steven W. and Evrard, August E. and Mantz, Adam
                        B.",
      title          = "{Cosmological Parameters from Observations of Galaxy
                        Clusters}",
      journal        = "Ann. Rev. Astron. Astrophys.",
      volume         = "49",
      year           = "2011",
      pages          = "409-470",
      doi            = "10.1146/annurev-astro-081710-102514",
      eprint         = "1103.4829",
      archivePrefix  = "arXiv",
      primaryClass   = "astro-ph.CO",
      SLACcitation   = "%%CITATION = ARXIV:1103.4829;%%"
}


@article{Mantz:2014paa,
      author         = "Mantz, Adam B. and others",
      title          = "{Weighing the giants ? IV. Cosmology and neutrino
                        mass}",
      journal        = "Mon. Not. Roy. Astron. Soc.",
      volume         = "446",
      year           = "2015",
      pages          = "2205-2225",
      doi            = "10.1093/mnras/stu2096",
      eprint         = "1407.4516",
      archivePrefix  = "arXiv",
      primaryClass   = "astro-ph.CO",
      SLACcitation   = "%%CITATION = ARXIV:1407.4516;%%"
}
@article{Ade:2015fva,
      author         = "Ade, P. A. R. and others",
      title          = "{Planck 2015 results. XXIV. Cosmology from
                        Sunyaev-Zeldovich cluster counts}",
      collaboration  = "Planck",
      journal        = "Astron. Astrophys.",
      volume         = "594",
      year           = "2016",
      pages          = "A24",
      doi            = "10.1051/0004-6361/201525833",
      eprint         = "1502.01597",
      archivePrefix  = "arXiv",
      primaryClass   = "astro-ph.CO",
      SLACcitation   = "%%CITATION = ARXIV:1502.01597;%%"
}
@article{deHaan:2016qvy,
      author         = "de Haan, T. and others",
      title          = "{Cosmological Constraints from Galaxy Clusters in the
                        2500 square-degree SPT-SZ Survey}",
      collaboration  = "SPT",
      journal        = "Astrophys. J.",
      volume         = "832",
      year           = "2016",
      number         = "1",
      pages          = "95",
      doi            = "10.3847/0004-637X/832/1/95",
      eprint         = "1603.06522",
      archivePrefix  = "arXiv",
      primaryClass   = "astro-ph.CO",
      reportNumber   = "FERMILAB-PUB-16-085-A-AE-PPD",
      SLACcitation   = "%%CITATION = ARXIV:1603.06522;%%"
}
@article{Abbott:2018mul,
      author         = "Abbott, T. M. C. and others",
      title          = "{Cosmological Constraints from Multiple Probes 
      					in the Dark Energy Survey Lensing}",
      collaboration  = "DES",
      year           = "2018",
      eprint         = "1811.02375",
      archivePrefix  = "arXiv",
      primaryClass   = "astro-ph.CO"
}

