

@book{Dodelson:2003ft,
      author         = "Dodelson, Scott",
      title          = "{Modern Cosmology}",
      publisher      = "Academic Press",
      address        = "Amsterdam",
      year           = "2003",
      url            = "http://www.slac.stanford.edu/spires/find/books/www?cl=QB981:D62:2003",
      journal        = "Amsterdam, Netherlands: Academic Pr. (2003) 440 p",
      ISBN           = "9780122191411",
      SLACcitation   = "%%CITATION = INSPIRE-640063;%%"
}

@article{Hu:2001tn,
      author         = "Hu, Wayne",
      title          = "{Mapping the dark matter through the cmb damping tail}",
      journal        = "Astrophys. J.",
      volume         = "557",
      year           = "2001",
      pages          = "L79-L83",
      doi            = "10.1086/323253",
      eprint         = "astro-ph/0105424",
      archivePrefix  = "arXiv",
      primaryClass   = "astro-ph",
      SLACcitation   = "%%CITATION = ASTRO-PH/0105424;%%"
}

@article{Hu:2001kj,
    author = "Hu, Wayne and Okamoto, Takemi",
    title = "{Mass reconstruction with cmb polarization}",
    eprint = "astro-ph/0111606",
    archivePrefix = "arXiv",
    doi = "10.1086/341110",
    journal = "Astrophys. J.",
    volume = "574",
    pages = "566--574",
    year = "2002"
}

@article{Caldeira:2018ojb,
    author = "Caldeira, Jo\~ao and Wu, W. L. Kimmy and Nord, Brian and Avestruz, Camille and Trivedi, Shubhendu and Story, Kyle T.",
    title = "{DeepCMB: Lensing Reconstruction of the Cosmic Microwave Background with Deep Neural Networks}",
    eprint = "1810.01483",
    archivePrefix = "arXiv",
    primaryClass = "astro-ph.CO",
    reportNumber = "FERMILAB-PUB-18-515-A-CD",
    doi = "10.1016/j.ascom.2019.100307",
    journal = "Astron. Comput.",
    volume = "28",
    pages = "100307",
    year = "2019"
}

@article{Okamoto:2003zw,
    author = "Okamoto, Takemi and Hu, Wayne",
    title = "{CMB lensing reconstruction on the full sky}",
    eprint = "astro-ph/0301031",
    archivePrefix = "arXiv",
    doi = "10.1103/PhysRevD.67.083002",
    journal = "Phys. Rev. D",
    volume = "67",
    pages = "083002",
    year = "2003"
}

@article{Gorski:2004by,
    author = "Gorski, K. M. and Hivon, Eric and Banday, A. J. and Wandelt, B. D. and Hansen, F. K. and Reinecke, M. and Bartelman, M.",
    title = "{HEALPix - A Framework for high resolution discretization, and fast analysis of data distributed on the sphere}",
    eprint = "astro-ph/0409513",
    archivePrefix = "arXiv",
    doi = "10.1086/427976",
    journal = "Astrophys. J.",
    volume = "622",
    pages = "759--771",
    year = "2005"
}

@article{Li:2019qkp,
    author = "Li, Peikai and Dodelson, Scott and Hu, Wayne",
    title = "{Distortions in the Surface of Last Scattering}",
    eprint = "1905.03923",
    archivePrefix = "arXiv",
    primaryClass = "astro-ph.CO",
    doi = "10.1103/PhysRevD.100.043502",
    journal = "Phys. Rev. D",
    volume = "100",
    number = "4",
    pages = "043502",
    year = "2019"
}

@article{Aghanim:2018oex,
    author = "Aghanim, N. and others",
    collaboration = "Planck",
    title = "{Planck 2018 results. VIII. Gravitational lensing}",
    eprint = "1807.06210",
    archivePrefix = "arXiv",
    primaryClass = "astro-ph.CO",
    doi = "10.1051/0004-6361/201833886",
    journal = "Astron. Astrophys.",
    volume = "641",
    pages = "A8",
    year = "2020"
}